%YAML 1.1
%TAG !u! tag:unity3d.com,2011:
--- !u!29 &1
OcclusionCullingSettings:
  m_ObjectHideFlags: 0
  serializedVersion: 2
  m_OcclusionBakeSettings:
    smallestOccluder: 5
    smallestHole: 0.25
    backfaceThreshold: 100
  m_SceneGUID: 00000000000000000000000000000000
  m_OcclusionCullingData: {fileID: 0}
--- !u!104 &2
RenderSettings:
  m_ObjectHideFlags: 0
  serializedVersion: 9
  m_Fog: 0
  m_FogColor: {r: 0.5, g: 0.5, b: 0.5, a: 1}
  m_FogMode: 3
  m_FogDensity: 0.01
  m_LinearFogStart: 0
  m_LinearFogEnd: 300
  m_AmbientSkyColor: {r: 0.212, g: 0.227, b: 0.259, a: 1}
  m_AmbientEquatorColor: {r: 0.114, g: 0.125, b: 0.133, a: 1}
  m_AmbientGroundColor: {r: 0.047, g: 0.043, b: 0.035, a: 1}
  m_AmbientIntensity: 1
  m_AmbientMode: 0
  m_SubtractiveShadowColor: {r: 0.42, g: 0.478, b: 0.627, a: 1}
  m_SkyboxMaterial: {fileID: 2100000, guid: efd1c33efd2d58340b88804268e6833f, type: 2}
  m_HaloStrength: 0.5
  m_FlareStrength: 1
  m_FlareFadeSpeed: 3
  m_HaloTexture: {fileID: 0}
  m_SpotCookie: {fileID: 10001, guid: 0000000000000000e000000000000000, type: 0}
  m_DefaultReflectionMode: 0
  m_DefaultReflectionResolution: 128
  m_ReflectionBounces: 1
  m_ReflectionIntensity: 1
  m_CustomReflection: {fileID: 0}
  m_Sun: {fileID: 705507994}
  m_IndirectSpecularColor: {r: 0.69299155, g: 0.7805977, b: 0.8643612, a: 1}
  m_UseRadianceAmbientProbe: 0
--- !u!157 &3
LightmapSettings:
  m_ObjectHideFlags: 0
  serializedVersion: 11
  m_GIWorkflowMode: 0
  m_GISettings:
    serializedVersion: 2
    m_BounceScale: 1
    m_IndirectOutputScale: 1
    m_AlbedoBoost: 1
    m_EnvironmentLightingMode: 0
    m_EnableBakedLightmaps: 1
    m_EnableRealtimeLightmaps: 1
  m_LightmapEditorSettings:
    serializedVersion: 12
    m_Resolution: 2
    m_BakeResolution: 40
    m_AtlasSize: 1024
    m_AO: 0
    m_AOMaxDistance: 1
    m_CompAOExponent: 1
    m_CompAOExponentDirect: 0
    m_ExtractAmbientOcclusion: 0
    m_Padding: 2
    m_LightmapParameters: {fileID: 0}
    m_LightmapsBakeMode: 1
    m_TextureCompression: 1
    m_FinalGather: 0
    m_FinalGatherFiltering: 1
    m_FinalGatherRayCount: 256
    m_ReflectionCompression: 2
    m_MixedBakeMode: 2
    m_BakeBackend: 1
    m_PVRSampling: 1
    m_PVRDirectSampleCount: 32
    m_PVRSampleCount: 500
    m_PVRBounces: 2
    m_PVREnvironmentSampleCount: 500
    m_PVREnvironmentReferencePointCount: 2048
    m_PVRFilteringMode: 2
    m_PVRDenoiserTypeDirect: 0
    m_PVRDenoiserTypeIndirect: 0
    m_PVRDenoiserTypeAO: 0
    m_PVRFilterTypeDirect: 0
    m_PVRFilterTypeIndirect: 0
    m_PVRFilterTypeAO: 0
    m_PVREnvironmentMIS: 0
    m_PVRCulling: 1
    m_PVRFilteringGaussRadiusDirect: 1
    m_PVRFilteringGaussRadiusIndirect: 5
    m_PVRFilteringGaussRadiusAO: 2
    m_PVRFilteringAtrousPositionSigmaDirect: 0.5
    m_PVRFilteringAtrousPositionSigmaIndirect: 2
    m_PVRFilteringAtrousPositionSigmaAO: 1
    m_ShowResolutionOverlay: 1
    m_ExportTrainingData: 0
  m_LightingDataAsset: {fileID: 0}
  m_UseShadowmask: 1
--- !u!196 &4
NavMeshSettings:
  serializedVersion: 2
  m_ObjectHideFlags: 0
  m_BuildSettings:
    serializedVersion: 2
    agentTypeID: 0
    agentRadius: 0.25
    agentHeight: 2
    agentSlope: 55
    agentClimb: 1
    ledgeDropHeight: 0
    maxJumpAcrossDistance: 0
    minRegionArea: 2
    manualCellSize: 0
    cellSize: 0.083333336
    manualTileSize: 0
    tileSize: 256
    accuratePlacement: 0
    debug:
      m_Flags: 0
  m_NavMeshData: {fileID: 23800000, guid: 253bcec77fba3e840aecac215c362f26, type: 2}
--- !u!1 &121143218
GameObject:
  m_ObjectHideFlags: 0
  m_CorrespondingSourceObject: {fileID: 0}
  m_PrefabInstance: {fileID: 0}
  m_PrefabAsset: {fileID: 0}
  serializedVersion: 6
  m_Component:
  - component: {fileID: 121143219}
  - component: {fileID: 121143220}
  m_Layer: 0
  m_Name: GameObject
  m_TagString: Untagged
  m_Icon: {fileID: 0}
  m_NavMeshLayer: 0
  m_StaticEditorFlags: 0
  m_IsActive: 1
--- !u!4 &121143219
Transform:
  m_ObjectHideFlags: 0
  m_CorrespondingSourceObject: {fileID: 0}
  m_PrefabInstance: {fileID: 0}
  m_PrefabAsset: {fileID: 0}
  m_GameObject: {fileID: 121143218}
  m_LocalRotation: {x: 0, y: 0, z: 0, w: 1}
  m_LocalPosition: {x: -4.28, y: 0.2, z: 7.12}
  m_LocalScale: {x: 1, y: 1, z: 1}
  m_Children: []
  m_Father: {fileID: 698360630}
  m_RootOrder: 5
  m_LocalEulerAnglesHint: {x: 0, y: 0, z: 0}
--- !u!65 &121143220
BoxCollider:
  m_ObjectHideFlags: 0
  m_CorrespondingSourceObject: {fileID: 0}
  m_PrefabInstance: {fileID: 0}
  m_PrefabAsset: {fileID: 0}
  m_GameObject: {fileID: 121143218}
  m_Material: {fileID: 0}
  m_IsTrigger: 0
  m_Enabled: 1
  serializedVersion: 2
  m_Size: {x: 4.9495745, y: 2.8501396, z: 1}
  m_Center: {x: -0.13463068, y: 0.9250698, z: -1.4413655e-15}
--- !u!1 &305571542
GameObject:
  m_ObjectHideFlags: 0
  m_CorrespondingSourceObject: {fileID: 0}
  m_PrefabInstance: {fileID: 0}
  m_PrefabAsset: {fileID: 0}
  serializedVersion: 6
  m_Component:
  - component: {fileID: 305571543}
  m_Layer: 0
  m_Name: General
  m_TagString: Untagged
  m_Icon: {fileID: 0}
  m_NavMeshLayer: 0
  m_StaticEditorFlags: 0
  m_IsActive: 1
--- !u!4 &305571543
Transform:
  m_ObjectHideFlags: 0
  m_CorrespondingSourceObject: {fileID: 0}
  m_PrefabInstance: {fileID: 0}
  m_PrefabAsset: {fileID: 0}
  m_GameObject: {fileID: 305571542}
  m_LocalRotation: {x: 0, y: 0, z: 0, w: 1}
  m_LocalPosition: {x: 0, y: 0, z: 0}
  m_LocalScale: {x: 1, y: 1, z: 1}
  m_Children:
  - {fileID: 705507995}
  - {fileID: 2027451023}
  m_Father: {fileID: 0}
  m_RootOrder: 2
  m_LocalEulerAnglesHint: {x: 0, y: 0, z: 0}
--- !u!1001 &698360617
PrefabInstance:
  m_ObjectHideFlags: 0
  serializedVersion: 2
  m_Modification:
    m_TransformParent: {fileID: 0}
    m_Modifications:
    - target: {fileID: -927199367670048503, guid: 93ab1f2fa673c1b4790bf8c3a8dc17b9,
        type: 3}
      propertyPath: m_Name
      value: square
      objectReference: {fileID: 0}
    - target: {fileID: -9210019113549149101, guid: 93ab1f2fa673c1b4790bf8c3a8dc17b9,
        type: 3}
      propertyPath: m_StaticEditorFlags
      value: 8
      objectReference: {fileID: 0}
    - target: {fileID: -9206957179364557673, guid: 93ab1f2fa673c1b4790bf8c3a8dc17b9,
        type: 3}
      propertyPath: m_StaticEditorFlags
      value: 8
      objectReference: {fileID: 0}
    - target: {fileID: -9206957179364557673, guid: 93ab1f2fa673c1b4790bf8c3a8dc17b9,
        type: 3}
      propertyPath: m_NavMeshLayer
      value: 1
      objectReference: {fileID: 0}
    - target: {fileID: -9188478996923971476, guid: 93ab1f2fa673c1b4790bf8c3a8dc17b9,
        type: 3}
      propertyPath: m_StaticEditorFlags
      value: 8
      objectReference: {fileID: 0}
    - target: {fileID: -9188478996923971476, guid: 93ab1f2fa673c1b4790bf8c3a8dc17b9,
        type: 3}
      propertyPath: m_NavMeshLayer
      value: 1
      objectReference: {fileID: 0}
    - target: {fileID: -8746655163879331962, guid: 93ab1f2fa673c1b4790bf8c3a8dc17b9,
        type: 3}
      propertyPath: m_StaticEditorFlags
      value: 8
      objectReference: {fileID: 0}
    - target: {fileID: -8624524633161429755, guid: 93ab1f2fa673c1b4790bf8c3a8dc17b9,
        type: 3}
      propertyPath: m_StaticEditorFlags
      value: 8
      objectReference: {fileID: 0}
    - target: {fileID: -8624524633161429755, guid: 93ab1f2fa673c1b4790bf8c3a8dc17b9,
        type: 3}
      propertyPath: m_NavMeshLayer
      value: 1
      objectReference: {fileID: 0}
    - target: {fileID: -8469841662218751832, guid: 93ab1f2fa673c1b4790bf8c3a8dc17b9,
        type: 3}
      propertyPath: m_StaticEditorFlags
      value: 8
      objectReference: {fileID: 0}
    - target: {fileID: -8469841662218751832, guid: 93ab1f2fa673c1b4790bf8c3a8dc17b9,
        type: 3}
      propertyPath: m_NavMeshLayer
      value: 1
      objectReference: {fileID: 0}
    - target: {fileID: -8467457193224484755, guid: 93ab1f2fa673c1b4790bf8c3a8dc17b9,
        type: 3}
      propertyPath: m_StaticEditorFlags
      value: 8
      objectReference: {fileID: 0}
    - target: {fileID: -8467457193224484755, guid: 93ab1f2fa673c1b4790bf8c3a8dc17b9,
        type: 3}
      propertyPath: m_NavMeshLayer
      value: 1
      objectReference: {fileID: 0}
    - target: {fileID: -8392924266447081826, guid: 93ab1f2fa673c1b4790bf8c3a8dc17b9,
        type: 3}
      propertyPath: m_StaticEditorFlags
      value: 8
      objectReference: {fileID: 0}
    - target: {fileID: -8392924266447081826, guid: 93ab1f2fa673c1b4790bf8c3a8dc17b9,
        type: 3}
      propertyPath: m_NavMeshLayer
      value: 1
      objectReference: {fileID: 0}
    - target: {fileID: -8294063665791746544, guid: 93ab1f2fa673c1b4790bf8c3a8dc17b9,
        type: 3}
      propertyPath: m_StaticEditorFlags
      value: 8
      objectReference: {fileID: 0}
    - target: {fileID: -8294063665791746544, guid: 93ab1f2fa673c1b4790bf8c3a8dc17b9,
        type: 3}
      propertyPath: m_NavMeshLayer
      value: 1
      objectReference: {fileID: 0}
    - target: {fileID: -8103593475796286421, guid: 93ab1f2fa673c1b4790bf8c3a8dc17b9,
        type: 3}
      propertyPath: m_StaticEditorFlags
      value: 8
      objectReference: {fileID: 0}
    - target: {fileID: -8103593475796286421, guid: 93ab1f2fa673c1b4790bf8c3a8dc17b9,
        type: 3}
      propertyPath: m_NavMeshLayer
      value: 1
      objectReference: {fileID: 0}
    - target: {fileID: -8076933762998691784, guid: 93ab1f2fa673c1b4790bf8c3a8dc17b9,
        type: 3}
      propertyPath: m_StaticEditorFlags
      value: 8
      objectReference: {fileID: 0}
    - target: {fileID: -8076933762998691784, guid: 93ab1f2fa673c1b4790bf8c3a8dc17b9,
        type: 3}
      propertyPath: m_NavMeshLayer
      value: 1
      objectReference: {fileID: 0}
    - target: {fileID: -7738102106236779266, guid: 93ab1f2fa673c1b4790bf8c3a8dc17b9,
        type: 3}
      propertyPath: m_StaticEditorFlags
      value: 8
      objectReference: {fileID: 0}
    - target: {fileID: -7625387437164821432, guid: 93ab1f2fa673c1b4790bf8c3a8dc17b9,
        type: 3}
      propertyPath: m_StaticEditorFlags
      value: 8
      objectReference: {fileID: 0}
    - target: {fileID: -7625387437164821432, guid: 93ab1f2fa673c1b4790bf8c3a8dc17b9,
        type: 3}
      propertyPath: m_NavMeshLayer
      value: 1
      objectReference: {fileID: 0}
    - target: {fileID: -7592889057316902588, guid: 93ab1f2fa673c1b4790bf8c3a8dc17b9,
        type: 3}
      propertyPath: m_StaticEditorFlags
      value: 8
      objectReference: {fileID: 0}
    - target: {fileID: -7592889057316902588, guid: 93ab1f2fa673c1b4790bf8c3a8dc17b9,
        type: 3}
      propertyPath: m_NavMeshLayer
      value: 1
      objectReference: {fileID: 0}
    - target: {fileID: -7501014012647779913, guid: 93ab1f2fa673c1b4790bf8c3a8dc17b9,
        type: 3}
      propertyPath: m_StaticEditorFlags
      value: 8
      objectReference: {fileID: 0}
    - target: {fileID: -7501014012647779913, guid: 93ab1f2fa673c1b4790bf8c3a8dc17b9,
        type: 3}
      propertyPath: m_NavMeshLayer
      value: 1
      objectReference: {fileID: 0}
    - target: {fileID: -7366839907194459174, guid: 93ab1f2fa673c1b4790bf8c3a8dc17b9,
        type: 3}
      propertyPath: m_StaticEditorFlags
      value: 8
      objectReference: {fileID: 0}
    - target: {fileID: -7366839907194459174, guid: 93ab1f2fa673c1b4790bf8c3a8dc17b9,
        type: 3}
      propertyPath: m_NavMeshLayer
      value: 1
      objectReference: {fileID: 0}
    - target: {fileID: -7275673911003302131, guid: 93ab1f2fa673c1b4790bf8c3a8dc17b9,
        type: 3}
      propertyPath: m_StaticEditorFlags
      value: 8
      objectReference: {fileID: 0}
    - target: {fileID: -7275673911003302131, guid: 93ab1f2fa673c1b4790bf8c3a8dc17b9,
        type: 3}
      propertyPath: m_NavMeshLayer
      value: 1
      objectReference: {fileID: 0}
    - target: {fileID: -7221382614818962923, guid: 93ab1f2fa673c1b4790bf8c3a8dc17b9,
        type: 3}
      propertyPath: m_StaticEditorFlags
      value: 8
      objectReference: {fileID: 0}
    - target: {fileID: -7221382614818962923, guid: 93ab1f2fa673c1b4790bf8c3a8dc17b9,
        type: 3}
      propertyPath: m_NavMeshLayer
      value: 1
      objectReference: {fileID: 0}
    - target: {fileID: -7179037085391958461, guid: 93ab1f2fa673c1b4790bf8c3a8dc17b9,
        type: 3}
      propertyPath: m_StaticEditorFlags
      value: 8
      objectReference: {fileID: 0}
    - target: {fileID: -7119428880308389449, guid: 93ab1f2fa673c1b4790bf8c3a8dc17b9,
        type: 3}
      propertyPath: m_StaticEditorFlags
      value: 8
      objectReference: {fileID: 0}
    - target: {fileID: -7119428880308389449, guid: 93ab1f2fa673c1b4790bf8c3a8dc17b9,
        type: 3}
      propertyPath: m_NavMeshLayer
      value: 1
      objectReference: {fileID: 0}
    - target: {fileID: -7101853848049082611, guid: 93ab1f2fa673c1b4790bf8c3a8dc17b9,
        type: 3}
      propertyPath: m_StaticEditorFlags
      value: 8
      objectReference: {fileID: 0}
    - target: {fileID: -6954208436003119469, guid: 93ab1f2fa673c1b4790bf8c3a8dc17b9,
        type: 3}
      propertyPath: m_StaticEditorFlags
      value: 8
      objectReference: {fileID: 0}
    - target: {fileID: -6954208436003119469, guid: 93ab1f2fa673c1b4790bf8c3a8dc17b9,
        type: 3}
      propertyPath: m_NavMeshLayer
      value: 1
      objectReference: {fileID: 0}
    - target: {fileID: -6855191026583309154, guid: 93ab1f2fa673c1b4790bf8c3a8dc17b9,
        type: 3}
      propertyPath: m_StaticEditorFlags
      value: 8
      objectReference: {fileID: 0}
    - target: {fileID: -6855191026583309154, guid: 93ab1f2fa673c1b4790bf8c3a8dc17b9,
        type: 3}
      propertyPath: m_NavMeshLayer
      value: 1
      objectReference: {fileID: 0}
    - target: {fileID: -6568654241569018546, guid: 93ab1f2fa673c1b4790bf8c3a8dc17b9,
        type: 3}
      propertyPath: m_StaticEditorFlags
      value: 8
      objectReference: {fileID: 0}
    - target: {fileID: -6568654241569018546, guid: 93ab1f2fa673c1b4790bf8c3a8dc17b9,
        type: 3}
      propertyPath: m_NavMeshLayer
      value: 1
      objectReference: {fileID: 0}
    - target: {fileID: -6561949115153322674, guid: 93ab1f2fa673c1b4790bf8c3a8dc17b9,
        type: 3}
      propertyPath: m_StaticEditorFlags
      value: 8
      objectReference: {fileID: 0}
    - target: {fileID: -6561949115153322674, guid: 93ab1f2fa673c1b4790bf8c3a8dc17b9,
        type: 3}
      propertyPath: m_NavMeshLayer
      value: 1
      objectReference: {fileID: 0}
    - target: {fileID: -6542527191787528004, guid: 93ab1f2fa673c1b4790bf8c3a8dc17b9,
        type: 3}
      propertyPath: m_StaticEditorFlags
      value: 8
      objectReference: {fileID: 0}
    - target: {fileID: -6542527191787528004, guid: 93ab1f2fa673c1b4790bf8c3a8dc17b9,
        type: 3}
      propertyPath: m_NavMeshLayer
      value: 1
      objectReference: {fileID: 0}
    - target: {fileID: -6494384792972216985, guid: 93ab1f2fa673c1b4790bf8c3a8dc17b9,
        type: 3}
      propertyPath: m_StaticEditorFlags
      value: 8
      objectReference: {fileID: 0}
    - target: {fileID: -6494384792972216985, guid: 93ab1f2fa673c1b4790bf8c3a8dc17b9,
        type: 3}
      propertyPath: m_NavMeshLayer
      value: 1
      objectReference: {fileID: 0}
    - target: {fileID: -6414411432224159485, guid: 93ab1f2fa673c1b4790bf8c3a8dc17b9,
        type: 3}
      propertyPath: m_StaticEditorFlags
      value: 8
      objectReference: {fileID: 0}
    - target: {fileID: -6414411432224159485, guid: 93ab1f2fa673c1b4790bf8c3a8dc17b9,
        type: 3}
      propertyPath: m_NavMeshLayer
      value: 1
      objectReference: {fileID: 0}
    - target: {fileID: -6226484962706906314, guid: 93ab1f2fa673c1b4790bf8c3a8dc17b9,
        type: 3}
      propertyPath: m_StaticEditorFlags
      value: 8
      objectReference: {fileID: 0}
    - target: {fileID: -6226484962706906314, guid: 93ab1f2fa673c1b4790bf8c3a8dc17b9,
        type: 3}
      propertyPath: m_NavMeshLayer
      value: 1
      objectReference: {fileID: 0}
    - target: {fileID: -6148879603953201604, guid: 93ab1f2fa673c1b4790bf8c3a8dc17b9,
        type: 3}
      propertyPath: m_StaticEditorFlags
      value: 8
      objectReference: {fileID: 0}
    - target: {fileID: -6148879603953201604, guid: 93ab1f2fa673c1b4790bf8c3a8dc17b9,
        type: 3}
      propertyPath: m_NavMeshLayer
      value: 1
      objectReference: {fileID: 0}
    - target: {fileID: -6014688482283983341, guid: 93ab1f2fa673c1b4790bf8c3a8dc17b9,
        type: 3}
      propertyPath: m_StaticEditorFlags
      value: 8
      objectReference: {fileID: 0}
    - target: {fileID: -6014688482283983341, guid: 93ab1f2fa673c1b4790bf8c3a8dc17b9,
        type: 3}
      propertyPath: m_NavMeshLayer
      value: 1
      objectReference: {fileID: 0}
    - target: {fileID: -5919788509974631363, guid: 93ab1f2fa673c1b4790bf8c3a8dc17b9,
        type: 3}
      propertyPath: m_StaticEditorFlags
      value: 8
      objectReference: {fileID: 0}
    - target: {fileID: -5919788509974631363, guid: 93ab1f2fa673c1b4790bf8c3a8dc17b9,
        type: 3}
      propertyPath: m_NavMeshLayer
      value: 1
      objectReference: {fileID: 0}
    - target: {fileID: -5783296625973881312, guid: 93ab1f2fa673c1b4790bf8c3a8dc17b9,
        type: 3}
      propertyPath: m_StaticEditorFlags
      value: 8
      objectReference: {fileID: 0}
    - target: {fileID: -5783296625973881312, guid: 93ab1f2fa673c1b4790bf8c3a8dc17b9,
        type: 3}
      propertyPath: m_NavMeshLayer
      value: 1
      objectReference: {fileID: 0}
    - target: {fileID: -5601874217779961790, guid: 93ab1f2fa673c1b4790bf8c3a8dc17b9,
        type: 3}
      propertyPath: m_StaticEditorFlags
      value: 8
      objectReference: {fileID: 0}
    - target: {fileID: -5601874217779961790, guid: 93ab1f2fa673c1b4790bf8c3a8dc17b9,
        type: 3}
      propertyPath: m_NavMeshLayer
      value: 1
      objectReference: {fileID: 0}
    - target: {fileID: -5548838544927245943, guid: 93ab1f2fa673c1b4790bf8c3a8dc17b9,
        type: 3}
      propertyPath: m_StaticEditorFlags
      value: 8
      objectReference: {fileID: 0}
    - target: {fileID: -5548838544927245943, guid: 93ab1f2fa673c1b4790bf8c3a8dc17b9,
        type: 3}
      propertyPath: m_NavMeshLayer
      value: 1
      objectReference: {fileID: 0}
    - target: {fileID: -5541418325828146259, guid: 93ab1f2fa673c1b4790bf8c3a8dc17b9,
        type: 3}
      propertyPath: m_StaticEditorFlags
      value: 8
      objectReference: {fileID: 0}
    - target: {fileID: -5541418325828146259, guid: 93ab1f2fa673c1b4790bf8c3a8dc17b9,
        type: 3}
      propertyPath: m_NavMeshLayer
      value: 1
      objectReference: {fileID: 0}
    - target: {fileID: -5455212847715676932, guid: 93ab1f2fa673c1b4790bf8c3a8dc17b9,
        type: 3}
      propertyPath: m_StaticEditorFlags
      value: 8
      objectReference: {fileID: 0}
    - target: {fileID: -5455212847715676932, guid: 93ab1f2fa673c1b4790bf8c3a8dc17b9,
        type: 3}
      propertyPath: m_NavMeshLayer
      value: 1
      objectReference: {fileID: 0}
    - target: {fileID: -5274905333486828606, guid: 93ab1f2fa673c1b4790bf8c3a8dc17b9,
        type: 3}
      propertyPath: m_StaticEditorFlags
      value: 8
      objectReference: {fileID: 0}
    - target: {fileID: -5274905333486828606, guid: 93ab1f2fa673c1b4790bf8c3a8dc17b9,
        type: 3}
      propertyPath: m_NavMeshLayer
      value: 1
      objectReference: {fileID: 0}
    - target: {fileID: -5264134780053677919, guid: 93ab1f2fa673c1b4790bf8c3a8dc17b9,
        type: 3}
      propertyPath: m_StaticEditorFlags
      value: 8
      objectReference: {fileID: 0}
    - target: {fileID: -5264134780053677919, guid: 93ab1f2fa673c1b4790bf8c3a8dc17b9,
        type: 3}
      propertyPath: m_NavMeshLayer
      value: 1
      objectReference: {fileID: 0}
    - target: {fileID: -5252450272225258471, guid: 93ab1f2fa673c1b4790bf8c3a8dc17b9,
        type: 3}
      propertyPath: m_StaticEditorFlags
      value: 8
      objectReference: {fileID: 0}
    - target: {fileID: -5252450272225258471, guid: 93ab1f2fa673c1b4790bf8c3a8dc17b9,
        type: 3}
      propertyPath: m_NavMeshLayer
      value: 1
      objectReference: {fileID: 0}
    - target: {fileID: -4778440673161637283, guid: 93ab1f2fa673c1b4790bf8c3a8dc17b9,
        type: 3}
      propertyPath: m_StaticEditorFlags
      value: 8
      objectReference: {fileID: 0}
    - target: {fileID: -4778440673161637283, guid: 93ab1f2fa673c1b4790bf8c3a8dc17b9,
        type: 3}
      propertyPath: m_NavMeshLayer
      value: 1
      objectReference: {fileID: 0}
    - target: {fileID: -4674158685141486419, guid: 93ab1f2fa673c1b4790bf8c3a8dc17b9,
        type: 3}
      propertyPath: m_StaticEditorFlags
      value: 8
      objectReference: {fileID: 0}
    - target: {fileID: -4674158685141486419, guid: 93ab1f2fa673c1b4790bf8c3a8dc17b9,
        type: 3}
      propertyPath: m_NavMeshLayer
      value: 1
      objectReference: {fileID: 0}
    - target: {fileID: -4600103113188114506, guid: 93ab1f2fa673c1b4790bf8c3a8dc17b9,
        type: 3}
      propertyPath: m_StaticEditorFlags
      value: 8
      objectReference: {fileID: 0}
    - target: {fileID: -4425609515867240179, guid: 93ab1f2fa673c1b4790bf8c3a8dc17b9,
        type: 3}
      propertyPath: m_StaticEditorFlags
      value: 8
      objectReference: {fileID: 0}
    - target: {fileID: -4425609515867240179, guid: 93ab1f2fa673c1b4790bf8c3a8dc17b9,
        type: 3}
      propertyPath: m_NavMeshLayer
      value: 1
      objectReference: {fileID: 0}
    - target: {fileID: -4395875024649416444, guid: 93ab1f2fa673c1b4790bf8c3a8dc17b9,
        type: 3}
      propertyPath: m_StaticEditorFlags
      value: 8
      objectReference: {fileID: 0}
    - target: {fileID: -4395875024649416444, guid: 93ab1f2fa673c1b4790bf8c3a8dc17b9,
        type: 3}
      propertyPath: m_NavMeshLayer
      value: 1
      objectReference: {fileID: 0}
    - target: {fileID: -4364346042151038960, guid: 93ab1f2fa673c1b4790bf8c3a8dc17b9,
        type: 3}
      propertyPath: m_StaticEditorFlags
      value: 8
      objectReference: {fileID: 0}
    - target: {fileID: -4364346042151038960, guid: 93ab1f2fa673c1b4790bf8c3a8dc17b9,
        type: 3}
      propertyPath: m_NavMeshLayer
      value: 1
      objectReference: {fileID: 0}
    - target: {fileID: -4316150558669516496, guid: 93ab1f2fa673c1b4790bf8c3a8dc17b9,
        type: 3}
      propertyPath: m_StaticEditorFlags
      value: 8
      objectReference: {fileID: 0}
    - target: {fileID: -4316150558669516496, guid: 93ab1f2fa673c1b4790bf8c3a8dc17b9,
        type: 3}
      propertyPath: m_NavMeshLayer
      value: 1
      objectReference: {fileID: 0}
    - target: {fileID: -4304593889040642428, guid: 93ab1f2fa673c1b4790bf8c3a8dc17b9,
        type: 3}
      propertyPath: m_StaticEditorFlags
      value: 8
      objectReference: {fileID: 0}
    - target: {fileID: -4304593889040642428, guid: 93ab1f2fa673c1b4790bf8c3a8dc17b9,
        type: 3}
      propertyPath: m_NavMeshLayer
      value: 1
      objectReference: {fileID: 0}
    - target: {fileID: -4216859302048453862, guid: 93ab1f2fa673c1b4790bf8c3a8dc17b9,
        type: 3}
      propertyPath: m_LocalPosition.x
      value: 18.96
      objectReference: {fileID: 0}
    - target: {fileID: -4216859302048453862, guid: 93ab1f2fa673c1b4790bf8c3a8dc17b9,
        type: 3}
      propertyPath: m_LocalPosition.y
      value: 0
      objectReference: {fileID: 0}
    - target: {fileID: -4216859302048453862, guid: 93ab1f2fa673c1b4790bf8c3a8dc17b9,
        type: 3}
      propertyPath: m_LocalPosition.z
      value: 0
      objectReference: {fileID: 0}
    - target: {fileID: -4216859302048453862, guid: 93ab1f2fa673c1b4790bf8c3a8dc17b9,
        type: 3}
      propertyPath: m_LocalRotation.x
      value: 0
      objectReference: {fileID: 0}
    - target: {fileID: -4216859302048453862, guid: 93ab1f2fa673c1b4790bf8c3a8dc17b9,
        type: 3}
      propertyPath: m_LocalRotation.y
      value: 0
      objectReference: {fileID: 0}
    - target: {fileID: -4216859302048453862, guid: 93ab1f2fa673c1b4790bf8c3a8dc17b9,
        type: 3}
      propertyPath: m_LocalRotation.z
      value: 0
      objectReference: {fileID: 0}
    - target: {fileID: -4216859302048453862, guid: 93ab1f2fa673c1b4790bf8c3a8dc17b9,
        type: 3}
      propertyPath: m_LocalRotation.w
      value: 1
      objectReference: {fileID: 0}
    - target: {fileID: -4216859302048453862, guid: 93ab1f2fa673c1b4790bf8c3a8dc17b9,
        type: 3}
      propertyPath: m_RootOrder
      value: 3
      objectReference: {fileID: 0}
    - target: {fileID: -4216859302048453862, guid: 93ab1f2fa673c1b4790bf8c3a8dc17b9,
        type: 3}
      propertyPath: m_LocalEulerAnglesHint.x
      value: 0
      objectReference: {fileID: 0}
    - target: {fileID: -4216859302048453862, guid: 93ab1f2fa673c1b4790bf8c3a8dc17b9,
        type: 3}
      propertyPath: m_LocalEulerAnglesHint.y
      value: 0
      objectReference: {fileID: 0}
    - target: {fileID: -4216859302048453862, guid: 93ab1f2fa673c1b4790bf8c3a8dc17b9,
        type: 3}
      propertyPath: m_LocalEulerAnglesHint.z
      value: 0
      objectReference: {fileID: 0}
    - target: {fileID: -4055742724971231705, guid: 93ab1f2fa673c1b4790bf8c3a8dc17b9,
        type: 3}
      propertyPath: m_StaticEditorFlags
      value: 8
      objectReference: {fileID: 0}
    - target: {fileID: -3963675379152274208, guid: 93ab1f2fa673c1b4790bf8c3a8dc17b9,
        type: 3}
      propertyPath: m_StaticEditorFlags
      value: 8
      objectReference: {fileID: 0}
    - target: {fileID: -3845610800770589927, guid: 93ab1f2fa673c1b4790bf8c3a8dc17b9,
        type: 3}
      propertyPath: m_StaticEditorFlags
      value: 8
      objectReference: {fileID: 0}
    - target: {fileID: -3845610800770589927, guid: 93ab1f2fa673c1b4790bf8c3a8dc17b9,
        type: 3}
      propertyPath: m_NavMeshLayer
      value: 1
      objectReference: {fileID: 0}
    - target: {fileID: -3810424650012451770, guid: 93ab1f2fa673c1b4790bf8c3a8dc17b9,
        type: 3}
      propertyPath: m_StaticEditorFlags
      value: 8
      objectReference: {fileID: 0}
    - target: {fileID: -3810424650012451770, guid: 93ab1f2fa673c1b4790bf8c3a8dc17b9,
        type: 3}
      propertyPath: m_NavMeshLayer
      value: 1
      objectReference: {fileID: 0}
    - target: {fileID: -3731041044366316132, guid: 93ab1f2fa673c1b4790bf8c3a8dc17b9,
        type: 3}
      propertyPath: m_StaticEditorFlags
      value: 8
      objectReference: {fileID: 0}
    - target: {fileID: -3731041044366316132, guid: 93ab1f2fa673c1b4790bf8c3a8dc17b9,
        type: 3}
      propertyPath: m_NavMeshLayer
      value: 1
      objectReference: {fileID: 0}
    - target: {fileID: -3704752942174178110, guid: 93ab1f2fa673c1b4790bf8c3a8dc17b9,
        type: 3}
      propertyPath: m_StaticEditorFlags
      value: 8
      objectReference: {fileID: 0}
    - target: {fileID: -3704752942174178110, guid: 93ab1f2fa673c1b4790bf8c3a8dc17b9,
        type: 3}
      propertyPath: m_NavMeshLayer
      value: 1
      objectReference: {fileID: 0}
    - target: {fileID: -3657120814768030333, guid: 93ab1f2fa673c1b4790bf8c3a8dc17b9,
        type: 3}
      propertyPath: m_StaticEditorFlags
      value: 8
      objectReference: {fileID: 0}
    - target: {fileID: -3657120814768030333, guid: 93ab1f2fa673c1b4790bf8c3a8dc17b9,
        type: 3}
      propertyPath: m_NavMeshLayer
      value: 0
      objectReference: {fileID: 0}
    - target: {fileID: -3607441631037709185, guid: 93ab1f2fa673c1b4790bf8c3a8dc17b9,
        type: 3}
      propertyPath: m_StaticEditorFlags
      value: 8
      objectReference: {fileID: 0}
    - target: {fileID: -3607441631037709185, guid: 93ab1f2fa673c1b4790bf8c3a8dc17b9,
        type: 3}
      propertyPath: m_NavMeshLayer
      value: 1
      objectReference: {fileID: 0}
    - target: {fileID: -3429866973628794641, guid: 93ab1f2fa673c1b4790bf8c3a8dc17b9,
        type: 3}
      propertyPath: m_StaticEditorFlags
      value: 8
      objectReference: {fileID: 0}
    - target: {fileID: -3429866973628794641, guid: 93ab1f2fa673c1b4790bf8c3a8dc17b9,
        type: 3}
      propertyPath: m_NavMeshLayer
      value: 1
      objectReference: {fileID: 0}
    - target: {fileID: -3367703650863372600, guid: 93ab1f2fa673c1b4790bf8c3a8dc17b9,
        type: 3}
      propertyPath: m_StaticEditorFlags
      value: 8
      objectReference: {fileID: 0}
    - target: {fileID: -3367703650863372600, guid: 93ab1f2fa673c1b4790bf8c3a8dc17b9,
        type: 3}
      propertyPath: m_NavMeshLayer
      value: 1
      objectReference: {fileID: 0}
    - target: {fileID: -3282099245374469936, guid: 93ab1f2fa673c1b4790bf8c3a8dc17b9,
        type: 3}
      propertyPath: m_StaticEditorFlags
      value: 8
      objectReference: {fileID: 0}
    - target: {fileID: -3282099245374469936, guid: 93ab1f2fa673c1b4790bf8c3a8dc17b9,
        type: 3}
      propertyPath: m_NavMeshLayer
      value: 1
      objectReference: {fileID: 0}
    - target: {fileID: -3143371423000672593, guid: 93ab1f2fa673c1b4790bf8c3a8dc17b9,
        type: 3}
      propertyPath: m_StaticEditorFlags
      value: 8
      objectReference: {fileID: 0}
    - target: {fileID: -3143371423000672593, guid: 93ab1f2fa673c1b4790bf8c3a8dc17b9,
        type: 3}
      propertyPath: m_NavMeshLayer
      value: 1
      objectReference: {fileID: 0}
    - target: {fileID: -2771827576898884607, guid: 93ab1f2fa673c1b4790bf8c3a8dc17b9,
        type: 3}
      propertyPath: m_StaticEditorFlags
      value: 8
      objectReference: {fileID: 0}
    - target: {fileID: -2656211478235687772, guid: 93ab1f2fa673c1b4790bf8c3a8dc17b9,
        type: 3}
      propertyPath: m_StaticEditorFlags
      value: 8
      objectReference: {fileID: 0}
    - target: {fileID: -2656211478235687772, guid: 93ab1f2fa673c1b4790bf8c3a8dc17b9,
        type: 3}
      propertyPath: m_NavMeshLayer
      value: 1
      objectReference: {fileID: 0}
    - target: {fileID: -2554516023045945986, guid: 93ab1f2fa673c1b4790bf8c3a8dc17b9,
        type: 3}
      propertyPath: m_StaticEditorFlags
      value: 8
      objectReference: {fileID: 0}
    - target: {fileID: -2554516023045945986, guid: 93ab1f2fa673c1b4790bf8c3a8dc17b9,
        type: 3}
      propertyPath: m_NavMeshLayer
      value: 1
      objectReference: {fileID: 0}
    - target: {fileID: -2542154339127365604, guid: 93ab1f2fa673c1b4790bf8c3a8dc17b9,
        type: 3}
      propertyPath: m_StaticEditorFlags
      value: 8
      objectReference: {fileID: 0}
    - target: {fileID: -2542154339127365604, guid: 93ab1f2fa673c1b4790bf8c3a8dc17b9,
        type: 3}
      propertyPath: m_NavMeshLayer
      value: 1
      objectReference: {fileID: 0}
    - target: {fileID: -2516480534828687517, guid: 93ab1f2fa673c1b4790bf8c3a8dc17b9,
        type: 3}
      propertyPath: m_StaticEditorFlags
      value: 8
      objectReference: {fileID: 0}
    - target: {fileID: -2516480534828687517, guid: 93ab1f2fa673c1b4790bf8c3a8dc17b9,
        type: 3}
      propertyPath: m_NavMeshLayer
      value: 1
      objectReference: {fileID: 0}
    - target: {fileID: -2425642322150806188, guid: 93ab1f2fa673c1b4790bf8c3a8dc17b9,
        type: 3}
      propertyPath: m_StaticEditorFlags
      value: 8
      objectReference: {fileID: 0}
    - target: {fileID: -2425642322150806188, guid: 93ab1f2fa673c1b4790bf8c3a8dc17b9,
        type: 3}
      propertyPath: m_NavMeshLayer
      value: 1
      objectReference: {fileID: 0}
    - target: {fileID: -2402802432451322480, guid: 93ab1f2fa673c1b4790bf8c3a8dc17b9,
        type: 3}
      propertyPath: m_StaticEditorFlags
      value: 8
      objectReference: {fileID: 0}
    - target: {fileID: -2402802432451322480, guid: 93ab1f2fa673c1b4790bf8c3a8dc17b9,
        type: 3}
      propertyPath: m_NavMeshLayer
      value: 1
      objectReference: {fileID: 0}
    - target: {fileID: -2070503278457816009, guid: 93ab1f2fa673c1b4790bf8c3a8dc17b9,
        type: 3}
      propertyPath: m_StaticEditorFlags
      value: 8
      objectReference: {fileID: 0}
    - target: {fileID: -2070503278457816009, guid: 93ab1f2fa673c1b4790bf8c3a8dc17b9,
        type: 3}
      propertyPath: m_NavMeshLayer
      value: 1
      objectReference: {fileID: 0}
    - target: {fileID: -1978175470360484240, guid: 93ab1f2fa673c1b4790bf8c3a8dc17b9,
        type: 3}
      propertyPath: m_StaticEditorFlags
      value: 8
      objectReference: {fileID: 0}
    - target: {fileID: -1862097883308204064, guid: 93ab1f2fa673c1b4790bf8c3a8dc17b9,
        type: 3}
      propertyPath: m_StaticEditorFlags
      value: 8
      objectReference: {fileID: 0}
    - target: {fileID: -1862097883308204064, guid: 93ab1f2fa673c1b4790bf8c3a8dc17b9,
        type: 3}
      propertyPath: m_NavMeshLayer
      value: 1
      objectReference: {fileID: 0}
    - target: {fileID: -1793055636056909409, guid: 93ab1f2fa673c1b4790bf8c3a8dc17b9,
        type: 3}
      propertyPath: m_StaticEditorFlags
      value: 8
      objectReference: {fileID: 0}
    - target: {fileID: -1793055636056909409, guid: 93ab1f2fa673c1b4790bf8c3a8dc17b9,
        type: 3}
      propertyPath: m_NavMeshLayer
      value: 1
      objectReference: {fileID: 0}
    - target: {fileID: -1784086479562311921, guid: 93ab1f2fa673c1b4790bf8c3a8dc17b9,
        type: 3}
      propertyPath: m_StaticEditorFlags
      value: 8
      objectReference: {fileID: 0}
    - target: {fileID: -1784086479562311921, guid: 93ab1f2fa673c1b4790bf8c3a8dc17b9,
        type: 3}
      propertyPath: m_NavMeshLayer
      value: 0
      objectReference: {fileID: 0}
    - target: {fileID: -1666385241406512051, guid: 93ab1f2fa673c1b4790bf8c3a8dc17b9,
        type: 3}
      propertyPath: m_StaticEditorFlags
      value: 8
      objectReference: {fileID: 0}
    - target: {fileID: -1666385241406512051, guid: 93ab1f2fa673c1b4790bf8c3a8dc17b9,
        type: 3}
      propertyPath: m_NavMeshLayer
      value: 1
      objectReference: {fileID: 0}
    - target: {fileID: -1450997744944134663, guid: 93ab1f2fa673c1b4790bf8c3a8dc17b9,
        type: 3}
      propertyPath: m_StaticEditorFlags
      value: 8
      objectReference: {fileID: 0}
    - target: {fileID: -1450997744944134663, guid: 93ab1f2fa673c1b4790bf8c3a8dc17b9,
        type: 3}
      propertyPath: m_NavMeshLayer
      value: 1
      objectReference: {fileID: 0}
    - target: {fileID: -1438549417766916419, guid: 93ab1f2fa673c1b4790bf8c3a8dc17b9,
        type: 3}
      propertyPath: m_StaticEditorFlags
      value: 8
      objectReference: {fileID: 0}
    - target: {fileID: -1438549417766916419, guid: 93ab1f2fa673c1b4790bf8c3a8dc17b9,
        type: 3}
      propertyPath: m_NavMeshLayer
      value: 1
      objectReference: {fileID: 0}
    - target: {fileID: -1134401325823290473, guid: 93ab1f2fa673c1b4790bf8c3a8dc17b9,
        type: 3}
      propertyPath: m_StaticEditorFlags
      value: 8
      objectReference: {fileID: 0}
    - target: {fileID: -1115629826470147266, guid: 93ab1f2fa673c1b4790bf8c3a8dc17b9,
        type: 3}
      propertyPath: m_StaticEditorFlags
      value: 8
      objectReference: {fileID: 0}
    - target: {fileID: -1114837970193853208, guid: 93ab1f2fa673c1b4790bf8c3a8dc17b9,
        type: 3}
      propertyPath: m_StaticEditorFlags
      value: 8
      objectReference: {fileID: 0}
    - target: {fileID: -1114837970193853208, guid: 93ab1f2fa673c1b4790bf8c3a8dc17b9,
        type: 3}
      propertyPath: m_NavMeshLayer
      value: 1
      objectReference: {fileID: 0}
    - target: {fileID: -997741023158533140, guid: 93ab1f2fa673c1b4790bf8c3a8dc17b9,
        type: 3}
      propertyPath: m_StaticEditorFlags
      value: 8
      objectReference: {fileID: 0}
    - target: {fileID: -997741023158533140, guid: 93ab1f2fa673c1b4790bf8c3a8dc17b9,
        type: 3}
      propertyPath: m_NavMeshLayer
      value: 1
      objectReference: {fileID: 0}
    - target: {fileID: -934805521934411715, guid: 93ab1f2fa673c1b4790bf8c3a8dc17b9,
        type: 3}
      propertyPath: m_StaticEditorFlags
      value: 8
      objectReference: {fileID: 0}
    - target: {fileID: -934805521934411715, guid: 93ab1f2fa673c1b4790bf8c3a8dc17b9,
        type: 3}
      propertyPath: m_NavMeshLayer
      value: 1
      objectReference: {fileID: 0}
    - target: {fileID: -920003488151731338, guid: 93ab1f2fa673c1b4790bf8c3a8dc17b9,
        type: 3}
      propertyPath: m_StaticEditorFlags
      value: 8
      objectReference: {fileID: 0}
    - target: {fileID: -920003488151731338, guid: 93ab1f2fa673c1b4790bf8c3a8dc17b9,
        type: 3}
      propertyPath: m_NavMeshLayer
      value: 1
      objectReference: {fileID: 0}
    - target: {fileID: -783948871312438828, guid: 93ab1f2fa673c1b4790bf8c3a8dc17b9,
        type: 3}
      propertyPath: m_StaticEditorFlags
      value: 8
      objectReference: {fileID: 0}
    - target: {fileID: -783948871312438828, guid: 93ab1f2fa673c1b4790bf8c3a8dc17b9,
        type: 3}
      propertyPath: m_NavMeshLayer
      value: 1
      objectReference: {fileID: 0}
    - target: {fileID: -455614794990529750, guid: 93ab1f2fa673c1b4790bf8c3a8dc17b9,
        type: 3}
      propertyPath: m_StaticEditorFlags
      value: 8
      objectReference: {fileID: 0}
    - target: {fileID: -455614794990529750, guid: 93ab1f2fa673c1b4790bf8c3a8dc17b9,
        type: 3}
      propertyPath: m_NavMeshLayer
      value: 1
      objectReference: {fileID: 0}
    - target: {fileID: -300257027812696091, guid: 93ab1f2fa673c1b4790bf8c3a8dc17b9,
        type: 3}
      propertyPath: m_StaticEditorFlags
      value: 8
      objectReference: {fileID: 0}
    - target: {fileID: -300257027812696091, guid: 93ab1f2fa673c1b4790bf8c3a8dc17b9,
        type: 3}
      propertyPath: m_NavMeshLayer
      value: 1
      objectReference: {fileID: 0}
    - target: {fileID: -269030317532955950, guid: 93ab1f2fa673c1b4790bf8c3a8dc17b9,
        type: 3}
      propertyPath: m_StaticEditorFlags
      value: 8
      objectReference: {fileID: 0}
    - target: {fileID: -269030317532955950, guid: 93ab1f2fa673c1b4790bf8c3a8dc17b9,
        type: 3}
      propertyPath: m_NavMeshLayer
      value: 1
      objectReference: {fileID: 0}
    - target: {fileID: -257241591913677737, guid: 93ab1f2fa673c1b4790bf8c3a8dc17b9,
        type: 3}
      propertyPath: m_StaticEditorFlags
      value: 8
      objectReference: {fileID: 0}
    - target: {fileID: -257241591913677737, guid: 93ab1f2fa673c1b4790bf8c3a8dc17b9,
        type: 3}
      propertyPath: m_NavMeshLayer
      value: 1
      objectReference: {fileID: 0}
    - target: {fileID: -227165521232814299, guid: 93ab1f2fa673c1b4790bf8c3a8dc17b9,
        type: 3}
      propertyPath: m_StaticEditorFlags
      value: 8
      objectReference: {fileID: 0}
    - target: {fileID: -227165521232814299, guid: 93ab1f2fa673c1b4790bf8c3a8dc17b9,
        type: 3}
      propertyPath: m_NavMeshLayer
      value: 1
      objectReference: {fileID: 0}
    - target: {fileID: -201411918048059148, guid: 93ab1f2fa673c1b4790bf8c3a8dc17b9,
        type: 3}
      propertyPath: m_StaticEditorFlags
      value: 8
      objectReference: {fileID: 0}
    - target: {fileID: -201411918048059148, guid: 93ab1f2fa673c1b4790bf8c3a8dc17b9,
        type: 3}
      propertyPath: m_NavMeshLayer
      value: 1
      objectReference: {fileID: 0}
    - target: {fileID: -111590980385802690, guid: 93ab1f2fa673c1b4790bf8c3a8dc17b9,
        type: 3}
      propertyPath: m_StaticEditorFlags
      value: 8
      objectReference: {fileID: 0}
    - target: {fileID: -111590980385802690, guid: 93ab1f2fa673c1b4790bf8c3a8dc17b9,
        type: 3}
      propertyPath: m_NavMeshLayer
      value: 1
      objectReference: {fileID: 0}
    - target: {fileID: -99782767355292675, guid: 93ab1f2fa673c1b4790bf8c3a8dc17b9,
        type: 3}
      propertyPath: m_StaticEditorFlags
      value: 8
      objectReference: {fileID: 0}
    - target: {fileID: -99782767355292675, guid: 93ab1f2fa673c1b4790bf8c3a8dc17b9,
        type: 3}
      propertyPath: m_NavMeshLayer
      value: 1
      objectReference: {fileID: 0}
    - target: {fileID: -2694867841330406, guid: 93ab1f2fa673c1b4790bf8c3a8dc17b9,
        type: 3}
      propertyPath: m_StaticEditorFlags
      value: 8
      objectReference: {fileID: 0}
    - target: {fileID: 341881356332286836, guid: 93ab1f2fa673c1b4790bf8c3a8dc17b9,
        type: 3}
      propertyPath: m_StaticEditorFlags
      value: 8
      objectReference: {fileID: 0}
    - target: {fileID: 341881356332286836, guid: 93ab1f2fa673c1b4790bf8c3a8dc17b9,
        type: 3}
      propertyPath: m_NavMeshLayer
      value: 1
      objectReference: {fileID: 0}
    - target: {fileID: 442827982821231579, guid: 93ab1f2fa673c1b4790bf8c3a8dc17b9,
        type: 3}
      propertyPath: m_StaticEditorFlags
      value: 8
      objectReference: {fileID: 0}
    - target: {fileID: 442827982821231579, guid: 93ab1f2fa673c1b4790bf8c3a8dc17b9,
        type: 3}
      propertyPath: m_NavMeshLayer
      value: 1
      objectReference: {fileID: 0}
    - target: {fileID: 531090058492431880, guid: 93ab1f2fa673c1b4790bf8c3a8dc17b9,
        type: 3}
      propertyPath: m_StaticEditorFlags
      value: 8
      objectReference: {fileID: 0}
    - target: {fileID: 531090058492431880, guid: 93ab1f2fa673c1b4790bf8c3a8dc17b9,
        type: 3}
      propertyPath: m_NavMeshLayer
      value: 1
      objectReference: {fileID: 0}
    - target: {fileID: 535306428877582644, guid: 93ab1f2fa673c1b4790bf8c3a8dc17b9,
        type: 3}
      propertyPath: m_StaticEditorFlags
      value: 8
      objectReference: {fileID: 0}
    - target: {fileID: 535306428877582644, guid: 93ab1f2fa673c1b4790bf8c3a8dc17b9,
        type: 3}
      propertyPath: m_NavMeshLayer
      value: 1
      objectReference: {fileID: 0}
    - target: {fileID: 694576093012480653, guid: 93ab1f2fa673c1b4790bf8c3a8dc17b9,
        type: 3}
      propertyPath: m_StaticEditorFlags
      value: 8
      objectReference: {fileID: 0}
    - target: {fileID: 694576093012480653, guid: 93ab1f2fa673c1b4790bf8c3a8dc17b9,
        type: 3}
      propertyPath: m_NavMeshLayer
      value: 1
      objectReference: {fileID: 0}
    - target: {fileID: 774618979498955649, guid: 93ab1f2fa673c1b4790bf8c3a8dc17b9,
        type: 3}
      propertyPath: m_StaticEditorFlags
      value: 8
      objectReference: {fileID: 0}
    - target: {fileID: 774618979498955649, guid: 93ab1f2fa673c1b4790bf8c3a8dc17b9,
        type: 3}
      propertyPath: m_NavMeshLayer
      value: 1
      objectReference: {fileID: 0}
    - target: {fileID: 827345763682887563, guid: 93ab1f2fa673c1b4790bf8c3a8dc17b9,
        type: 3}
      propertyPath: m_StaticEditorFlags
      value: 8
      objectReference: {fileID: 0}
    - target: {fileID: 915529281835379398, guid: 93ab1f2fa673c1b4790bf8c3a8dc17b9,
        type: 3}
      propertyPath: m_StaticEditorFlags
      value: 8
      objectReference: {fileID: 0}
    - target: {fileID: 915529281835379398, guid: 93ab1f2fa673c1b4790bf8c3a8dc17b9,
        type: 3}
      propertyPath: m_NavMeshLayer
      value: 1
      objectReference: {fileID: 0}
    - target: {fileID: 984784049383907129, guid: 93ab1f2fa673c1b4790bf8c3a8dc17b9,
        type: 3}
      propertyPath: m_StaticEditorFlags
      value: 8
      objectReference: {fileID: 0}
    - target: {fileID: 984784049383907129, guid: 93ab1f2fa673c1b4790bf8c3a8dc17b9,
        type: 3}
      propertyPath: m_NavMeshLayer
      value: 1
      objectReference: {fileID: 0}
    - target: {fileID: 1185330023051157801, guid: 93ab1f2fa673c1b4790bf8c3a8dc17b9,
        type: 3}
      propertyPath: m_StaticEditorFlags
      value: 8
      objectReference: {fileID: 0}
    - target: {fileID: 1185330023051157801, guid: 93ab1f2fa673c1b4790bf8c3a8dc17b9,
        type: 3}
      propertyPath: m_NavMeshLayer
      value: 1
      objectReference: {fileID: 0}
    - target: {fileID: 1248164932646550125, guid: 93ab1f2fa673c1b4790bf8c3a8dc17b9,
        type: 3}
      propertyPath: m_StaticEditorFlags
      value: 8
      objectReference: {fileID: 0}
    - target: {fileID: 1377860574941607784, guid: 93ab1f2fa673c1b4790bf8c3a8dc17b9,
        type: 3}
      propertyPath: m_StaticEditorFlags
      value: 8
      objectReference: {fileID: 0}
    - target: {fileID: 1377860574941607784, guid: 93ab1f2fa673c1b4790bf8c3a8dc17b9,
        type: 3}
      propertyPath: m_NavMeshLayer
      value: 1
      objectReference: {fileID: 0}
    - target: {fileID: 1596837193509234684, guid: 93ab1f2fa673c1b4790bf8c3a8dc17b9,
        type: 3}
      propertyPath: m_StaticEditorFlags
      value: 8
      objectReference: {fileID: 0}
    - target: {fileID: 1596837193509234684, guid: 93ab1f2fa673c1b4790bf8c3a8dc17b9,
        type: 3}
      propertyPath: m_NavMeshLayer
      value: 1
      objectReference: {fileID: 0}
    - target: {fileID: 1699830429084110557, guid: 93ab1f2fa673c1b4790bf8c3a8dc17b9,
        type: 3}
      propertyPath: m_StaticEditorFlags
      value: 8
      objectReference: {fileID: 0}
    - target: {fileID: 1699830429084110557, guid: 93ab1f2fa673c1b4790bf8c3a8dc17b9,
        type: 3}
      propertyPath: m_NavMeshLayer
      value: 1
      objectReference: {fileID: 0}
    - target: {fileID: 1843275416525198032, guid: 93ab1f2fa673c1b4790bf8c3a8dc17b9,
        type: 3}
      propertyPath: m_StaticEditorFlags
      value: 8
      objectReference: {fileID: 0}
    - target: {fileID: 1843275416525198032, guid: 93ab1f2fa673c1b4790bf8c3a8dc17b9,
        type: 3}
      propertyPath: m_NavMeshLayer
      value: 1
      objectReference: {fileID: 0}
    - target: {fileID: 1915948538148950571, guid: 93ab1f2fa673c1b4790bf8c3a8dc17b9,
        type: 3}
      propertyPath: m_StaticEditorFlags
      value: 8
      objectReference: {fileID: 0}
    - target: {fileID: 1915948538148950571, guid: 93ab1f2fa673c1b4790bf8c3a8dc17b9,
        type: 3}
      propertyPath: m_NavMeshLayer
      value: 1
      objectReference: {fileID: 0}
    - target: {fileID: 1927662074407712978, guid: 93ab1f2fa673c1b4790bf8c3a8dc17b9,
        type: 3}
      propertyPath: m_StaticEditorFlags
      value: 8
      objectReference: {fileID: 0}
    - target: {fileID: 1927662074407712978, guid: 93ab1f2fa673c1b4790bf8c3a8dc17b9,
        type: 3}
      propertyPath: m_NavMeshLayer
      value: 1
      objectReference: {fileID: 0}
    - target: {fileID: 1957703613778509406, guid: 93ab1f2fa673c1b4790bf8c3a8dc17b9,
        type: 3}
      propertyPath: m_StaticEditorFlags
      value: 8
      objectReference: {fileID: 0}
    - target: {fileID: 1957703613778509406, guid: 93ab1f2fa673c1b4790bf8c3a8dc17b9,
        type: 3}
      propertyPath: m_NavMeshLayer
      value: 0
      objectReference: {fileID: 0}
    - target: {fileID: 2355791144245621627, guid: 93ab1f2fa673c1b4790bf8c3a8dc17b9,
        type: 3}
      propertyPath: m_StaticEditorFlags
      value: 8
      objectReference: {fileID: 0}
    - target: {fileID: 2355791144245621627, guid: 93ab1f2fa673c1b4790bf8c3a8dc17b9,
        type: 3}
      propertyPath: m_NavMeshLayer
      value: 1
      objectReference: {fileID: 0}
    - target: {fileID: 2409113472241295568, guid: 93ab1f2fa673c1b4790bf8c3a8dc17b9,
        type: 3}
      propertyPath: m_StaticEditorFlags
      value: 8
      objectReference: {fileID: 0}
    - target: {fileID: 2417949259033774895, guid: 93ab1f2fa673c1b4790bf8c3a8dc17b9,
        type: 3}
      propertyPath: m_StaticEditorFlags
      value: 8
      objectReference: {fileID: 0}
    - target: {fileID: 2417949259033774895, guid: 93ab1f2fa673c1b4790bf8c3a8dc17b9,
        type: 3}
      propertyPath: m_NavMeshLayer
      value: 1
      objectReference: {fileID: 0}
    - target: {fileID: 2551938605581946850, guid: 93ab1f2fa673c1b4790bf8c3a8dc17b9,
        type: 3}
      propertyPath: m_StaticEditorFlags
      value: 8
      objectReference: {fileID: 0}
    - target: {fileID: 2551938605581946850, guid: 93ab1f2fa673c1b4790bf8c3a8dc17b9,
        type: 3}
      propertyPath: m_NavMeshLayer
      value: 1
      objectReference: {fileID: 0}
    - target: {fileID: 2669338781283961867, guid: 93ab1f2fa673c1b4790bf8c3a8dc17b9,
        type: 3}
      propertyPath: m_StaticEditorFlags
      value: 8
      objectReference: {fileID: 0}
    - target: {fileID: 2669338781283961867, guid: 93ab1f2fa673c1b4790bf8c3a8dc17b9,
        type: 3}
      propertyPath: m_NavMeshLayer
      value: 1
      objectReference: {fileID: 0}
    - target: {fileID: 2677415917417394020, guid: 93ab1f2fa673c1b4790bf8c3a8dc17b9,
        type: 3}
      propertyPath: m_StaticEditorFlags
      value: 8
      objectReference: {fileID: 0}
    - target: {fileID: 2677415917417394020, guid: 93ab1f2fa673c1b4790bf8c3a8dc17b9,
        type: 3}
      propertyPath: m_NavMeshLayer
      value: 1
      objectReference: {fileID: 0}
    - target: {fileID: 2735076852136626362, guid: 93ab1f2fa673c1b4790bf8c3a8dc17b9,
        type: 3}
      propertyPath: m_StaticEditorFlags
      value: 8
      objectReference: {fileID: 0}
    - target: {fileID: 2735076852136626362, guid: 93ab1f2fa673c1b4790bf8c3a8dc17b9,
        type: 3}
      propertyPath: m_NavMeshLayer
      value: 1
      objectReference: {fileID: 0}
    - target: {fileID: 2899922765727703350, guid: 93ab1f2fa673c1b4790bf8c3a8dc17b9,
        type: 3}
      propertyPath: m_StaticEditorFlags
      value: 8
      objectReference: {fileID: 0}
    - target: {fileID: 2899922765727703350, guid: 93ab1f2fa673c1b4790bf8c3a8dc17b9,
        type: 3}
      propertyPath: m_NavMeshLayer
      value: 1
      objectReference: {fileID: 0}
    - target: {fileID: 3079188414343250205, guid: 93ab1f2fa673c1b4790bf8c3a8dc17b9,
        type: 3}
      propertyPath: m_StaticEditorFlags
      value: 8
      objectReference: {fileID: 0}
    - target: {fileID: 3079188414343250205, guid: 93ab1f2fa673c1b4790bf8c3a8dc17b9,
        type: 3}
      propertyPath: m_NavMeshLayer
      value: 1
      objectReference: {fileID: 0}
    - target: {fileID: 3173432674434058212, guid: 93ab1f2fa673c1b4790bf8c3a8dc17b9,
        type: 3}
      propertyPath: m_StaticEditorFlags
      value: 8
      objectReference: {fileID: 0}
    - target: {fileID: 3173432674434058212, guid: 93ab1f2fa673c1b4790bf8c3a8dc17b9,
        type: 3}
      propertyPath: m_NavMeshLayer
      value: 1
      objectReference: {fileID: 0}
    - target: {fileID: 3191639437702010426, guid: 93ab1f2fa673c1b4790bf8c3a8dc17b9,
        type: 3}
      propertyPath: m_StaticEditorFlags
      value: 8
      objectReference: {fileID: 0}
    - target: {fileID: 3191639437702010426, guid: 93ab1f2fa673c1b4790bf8c3a8dc17b9,
        type: 3}
      propertyPath: m_NavMeshLayer
      value: 1
      objectReference: {fileID: 0}
    - target: {fileID: 3212747717566551301, guid: 93ab1f2fa673c1b4790bf8c3a8dc17b9,
        type: 3}
      propertyPath: m_StaticEditorFlags
      value: 8
      objectReference: {fileID: 0}
    - target: {fileID: 3212747717566551301, guid: 93ab1f2fa673c1b4790bf8c3a8dc17b9,
        type: 3}
      propertyPath: m_NavMeshLayer
      value: 1
      objectReference: {fileID: 0}
    - target: {fileID: 3269432404829618038, guid: 93ab1f2fa673c1b4790bf8c3a8dc17b9,
        type: 3}
      propertyPath: m_StaticEditorFlags
      value: 8
      objectReference: {fileID: 0}
    - target: {fileID: 3269432404829618038, guid: 93ab1f2fa673c1b4790bf8c3a8dc17b9,
        type: 3}
      propertyPath: m_NavMeshLayer
      value: 1
      objectReference: {fileID: 0}
    - target: {fileID: 3320334872963356560, guid: 93ab1f2fa673c1b4790bf8c3a8dc17b9,
        type: 3}
      propertyPath: m_LocalPosition.y
      value: 0.609
      objectReference: {fileID: 0}
    - target: {fileID: 3345085256594366650, guid: 93ab1f2fa673c1b4790bf8c3a8dc17b9,
        type: 3}
      propertyPath: m_StaticEditorFlags
      value: 8
      objectReference: {fileID: 0}
    - target: {fileID: 3345085256594366650, guid: 93ab1f2fa673c1b4790bf8c3a8dc17b9,
        type: 3}
      propertyPath: m_NavMeshLayer
      value: 1
      objectReference: {fileID: 0}
    - target: {fileID: 3456712137480883940, guid: 93ab1f2fa673c1b4790bf8c3a8dc17b9,
        type: 3}
      propertyPath: m_StaticEditorFlags
      value: 8
      objectReference: {fileID: 0}
    - target: {fileID: 3456712137480883940, guid: 93ab1f2fa673c1b4790bf8c3a8dc17b9,
        type: 3}
      propertyPath: m_NavMeshLayer
      value: 1
      objectReference: {fileID: 0}
    - target: {fileID: 3661248937142904795, guid: 93ab1f2fa673c1b4790bf8c3a8dc17b9,
        type: 3}
      propertyPath: m_StaticEditorFlags
      value: 8
      objectReference: {fileID: 0}
    - target: {fileID: 3661248937142904795, guid: 93ab1f2fa673c1b4790bf8c3a8dc17b9,
        type: 3}
      propertyPath: m_NavMeshLayer
      value: 1
      objectReference: {fileID: 0}
    - target: {fileID: 3676525972383546292, guid: 93ab1f2fa673c1b4790bf8c3a8dc17b9,
        type: 3}
      propertyPath: m_StaticEditorFlags
      value: 8
      objectReference: {fileID: 0}
    - target: {fileID: 3676525972383546292, guid: 93ab1f2fa673c1b4790bf8c3a8dc17b9,
        type: 3}
      propertyPath: m_NavMeshLayer
      value: 1
      objectReference: {fileID: 0}
    - target: {fileID: 3712410968195119671, guid: 93ab1f2fa673c1b4790bf8c3a8dc17b9,
        type: 3}
      propertyPath: m_StaticEditorFlags
      value: 8
      objectReference: {fileID: 0}
    - target: {fileID: 3712410968195119671, guid: 93ab1f2fa673c1b4790bf8c3a8dc17b9,
        type: 3}
      propertyPath: m_NavMeshLayer
      value: 1
      objectReference: {fileID: 0}
    - target: {fileID: 4133320079451942813, guid: 93ab1f2fa673c1b4790bf8c3a8dc17b9,
        type: 3}
      propertyPath: m_StaticEditorFlags
      value: 8
      objectReference: {fileID: 0}
    - target: {fileID: 4133320079451942813, guid: 93ab1f2fa673c1b4790bf8c3a8dc17b9,
        type: 3}
      propertyPath: m_NavMeshLayer
      value: 1
      objectReference: {fileID: 0}
    - target: {fileID: 4283760949102305555, guid: 93ab1f2fa673c1b4790bf8c3a8dc17b9,
        type: 3}
      propertyPath: m_StaticEditorFlags
      value: 8
      objectReference: {fileID: 0}
    - target: {fileID: 4283760949102305555, guid: 93ab1f2fa673c1b4790bf8c3a8dc17b9,
        type: 3}
      propertyPath: m_NavMeshLayer
      value: 1
      objectReference: {fileID: 0}
    - target: {fileID: 4296086036349769605, guid: 93ab1f2fa673c1b4790bf8c3a8dc17b9,
        type: 3}
      propertyPath: m_StaticEditorFlags
      value: 8
      objectReference: {fileID: 0}
    - target: {fileID: 4377339800771674204, guid: 93ab1f2fa673c1b4790bf8c3a8dc17b9,
        type: 3}
      propertyPath: m_StaticEditorFlags
      value: 8
      objectReference: {fileID: 0}
    - target: {fileID: 4377339800771674204, guid: 93ab1f2fa673c1b4790bf8c3a8dc17b9,
        type: 3}
      propertyPath: m_NavMeshLayer
      value: 1
      objectReference: {fileID: 0}
    - target: {fileID: 4455714443369939830, guid: 93ab1f2fa673c1b4790bf8c3a8dc17b9,
        type: 3}
      propertyPath: m_StaticEditorFlags
      value: 8
      objectReference: {fileID: 0}
    - target: {fileID: 4455714443369939830, guid: 93ab1f2fa673c1b4790bf8c3a8dc17b9,
        type: 3}
      propertyPath: m_NavMeshLayer
      value: 1
      objectReference: {fileID: 0}
    - target: {fileID: 4468657923797016325, guid: 93ab1f2fa673c1b4790bf8c3a8dc17b9,
        type: 3}
      propertyPath: m_StaticEditorFlags
      value: 8
      objectReference: {fileID: 0}
    - target: {fileID: 4478536103201126288, guid: 93ab1f2fa673c1b4790bf8c3a8dc17b9,
        type: 3}
      propertyPath: m_StaticEditorFlags
      value: 8
      objectReference: {fileID: 0}
    - target: {fileID: 4478536103201126288, guid: 93ab1f2fa673c1b4790bf8c3a8dc17b9,
        type: 3}
      propertyPath: m_NavMeshLayer
      value: 1
      objectReference: {fileID: 0}
    - target: {fileID: 4690208744705358706, guid: 93ab1f2fa673c1b4790bf8c3a8dc17b9,
        type: 3}
      propertyPath: m_StaticEditorFlags
      value: 8
      objectReference: {fileID: 0}
    - target: {fileID: 4690208744705358706, guid: 93ab1f2fa673c1b4790bf8c3a8dc17b9,
        type: 3}
      propertyPath: m_NavMeshLayer
      value: 1
      objectReference: {fileID: 0}
    - target: {fileID: 4727723702179348338, guid: 93ab1f2fa673c1b4790bf8c3a8dc17b9,
        type: 3}
      propertyPath: m_StaticEditorFlags
      value: 8
      objectReference: {fileID: 0}
    - target: {fileID: 4727723702179348338, guid: 93ab1f2fa673c1b4790bf8c3a8dc17b9,
        type: 3}
      propertyPath: m_NavMeshLayer
      value: 1
      objectReference: {fileID: 0}
    - target: {fileID: 4745788036908658983, guid: 93ab1f2fa673c1b4790bf8c3a8dc17b9,
        type: 3}
      propertyPath: m_StaticEditorFlags
      value: 8
      objectReference: {fileID: 0}
    - target: {fileID: 4745788036908658983, guid: 93ab1f2fa673c1b4790bf8c3a8dc17b9,
        type: 3}
      propertyPath: m_NavMeshLayer
      value: 1
      objectReference: {fileID: 0}
    - target: {fileID: 4824573349673900899, guid: 93ab1f2fa673c1b4790bf8c3a8dc17b9,
        type: 3}
      propertyPath: m_StaticEditorFlags
      value: 8
      objectReference: {fileID: 0}
    - target: {fileID: 4824573349673900899, guid: 93ab1f2fa673c1b4790bf8c3a8dc17b9,
        type: 3}
      propertyPath: m_NavMeshLayer
      value: 1
      objectReference: {fileID: 0}
    - target: {fileID: 5177800830499853852, guid: 93ab1f2fa673c1b4790bf8c3a8dc17b9,
        type: 3}
      propertyPath: m_StaticEditorFlags
      value: 8
      objectReference: {fileID: 0}
    - target: {fileID: 5177800830499853852, guid: 93ab1f2fa673c1b4790bf8c3a8dc17b9,
        type: 3}
      propertyPath: m_NavMeshLayer
      value: 1
      objectReference: {fileID: 0}
    - target: {fileID: 5203707635491624071, guid: 93ab1f2fa673c1b4790bf8c3a8dc17b9,
        type: 3}
      propertyPath: m_StaticEditorFlags
      value: 8
      objectReference: {fileID: 0}
    - target: {fileID: 5203707635491624071, guid: 93ab1f2fa673c1b4790bf8c3a8dc17b9,
        type: 3}
      propertyPath: m_NavMeshLayer
      value: 1
      objectReference: {fileID: 0}
    - target: {fileID: 5264704719438672222, guid: 93ab1f2fa673c1b4790bf8c3a8dc17b9,
        type: 3}
      propertyPath: m_StaticEditorFlags
      value: 8
      objectReference: {fileID: 0}
    - target: {fileID: 5264704719438672222, guid: 93ab1f2fa673c1b4790bf8c3a8dc17b9,
        type: 3}
      propertyPath: m_NavMeshLayer
      value: 1
      objectReference: {fileID: 0}
    - target: {fileID: 5318334576498091682, guid: 93ab1f2fa673c1b4790bf8c3a8dc17b9,
        type: 3}
      propertyPath: m_StaticEditorFlags
      value: 8
      objectReference: {fileID: 0}
    - target: {fileID: 5318334576498091682, guid: 93ab1f2fa673c1b4790bf8c3a8dc17b9,
        type: 3}
      propertyPath: m_NavMeshLayer
      value: 1
      objectReference: {fileID: 0}
    - target: {fileID: 5473185105095167357, guid: 93ab1f2fa673c1b4790bf8c3a8dc17b9,
        type: 3}
      propertyPath: m_StaticEditorFlags
      value: 8
      objectReference: {fileID: 0}
    - target: {fileID: 5473185105095167357, guid: 93ab1f2fa673c1b4790bf8c3a8dc17b9,
        type: 3}
      propertyPath: m_NavMeshLayer
      value: 1
      objectReference: {fileID: 0}
    - target: {fileID: 5516337619474078553, guid: 93ab1f2fa673c1b4790bf8c3a8dc17b9,
        type: 3}
      propertyPath: m_StaticEditorFlags
      value: 8
      objectReference: {fileID: 0}
    - target: {fileID: 5516337619474078553, guid: 93ab1f2fa673c1b4790bf8c3a8dc17b9,
        type: 3}
      propertyPath: m_NavMeshLayer
      value: 1
      objectReference: {fileID: 0}
    - target: {fileID: 5568571175971196815, guid: 93ab1f2fa673c1b4790bf8c3a8dc17b9,
        type: 3}
      propertyPath: m_StaticEditorFlags
      value: 8
      objectReference: {fileID: 0}
    - target: {fileID: 5588939543475933191, guid: 93ab1f2fa673c1b4790bf8c3a8dc17b9,
        type: 3}
      propertyPath: m_StaticEditorFlags
      value: 8
      objectReference: {fileID: 0}
    - target: {fileID: 5588939543475933191, guid: 93ab1f2fa673c1b4790bf8c3a8dc17b9,
        type: 3}
      propertyPath: m_NavMeshLayer
      value: 1
      objectReference: {fileID: 0}
    - target: {fileID: 5620993588133920162, guid: 93ab1f2fa673c1b4790bf8c3a8dc17b9,
        type: 3}
      propertyPath: m_StaticEditorFlags
      value: 8
      objectReference: {fileID: 0}
    - target: {fileID: 5620993588133920162, guid: 93ab1f2fa673c1b4790bf8c3a8dc17b9,
        type: 3}
      propertyPath: m_NavMeshLayer
      value: 1
      objectReference: {fileID: 0}
    - target: {fileID: 5777406495982142300, guid: 93ab1f2fa673c1b4790bf8c3a8dc17b9,
        type: 3}
      propertyPath: m_StaticEditorFlags
      value: 8
      objectReference: {fileID: 0}
    - target: {fileID: 5777406495982142300, guid: 93ab1f2fa673c1b4790bf8c3a8dc17b9,
        type: 3}
      propertyPath: m_NavMeshLayer
      value: 1
      objectReference: {fileID: 0}
    - target: {fileID: 5821310329090035969, guid: 93ab1f2fa673c1b4790bf8c3a8dc17b9,
        type: 3}
      propertyPath: m_StaticEditorFlags
      value: 8
      objectReference: {fileID: 0}
    - target: {fileID: 5821310329090035969, guid: 93ab1f2fa673c1b4790bf8c3a8dc17b9,
        type: 3}
      propertyPath: m_NavMeshLayer
      value: 1
      objectReference: {fileID: 0}
    - target: {fileID: 5959498029542946537, guid: 93ab1f2fa673c1b4790bf8c3a8dc17b9,
        type: 3}
      propertyPath: m_StaticEditorFlags
      value: 8
      objectReference: {fileID: 0}
    - target: {fileID: 5959498029542946537, guid: 93ab1f2fa673c1b4790bf8c3a8dc17b9,
        type: 3}
      propertyPath: m_NavMeshLayer
      value: 1
      objectReference: {fileID: 0}
    - target: {fileID: 5991138184686202372, guid: 93ab1f2fa673c1b4790bf8c3a8dc17b9,
        type: 3}
      propertyPath: m_StaticEditorFlags
      value: 8
      objectReference: {fileID: 0}
    - target: {fileID: 5991138184686202372, guid: 93ab1f2fa673c1b4790bf8c3a8dc17b9,
        type: 3}
      propertyPath: m_NavMeshLayer
      value: 1
      objectReference: {fileID: 0}
    - target: {fileID: 6041941631926381502, guid: 93ab1f2fa673c1b4790bf8c3a8dc17b9,
        type: 3}
      propertyPath: m_StaticEditorFlags
      value: 8
      objectReference: {fileID: 0}
    - target: {fileID: 6041941631926381502, guid: 93ab1f2fa673c1b4790bf8c3a8dc17b9,
        type: 3}
      propertyPath: m_NavMeshLayer
      value: 1
      objectReference: {fileID: 0}
    - target: {fileID: 6260821765382652907, guid: 93ab1f2fa673c1b4790bf8c3a8dc17b9,
        type: 3}
      propertyPath: m_StaticEditorFlags
      value: 8
      objectReference: {fileID: 0}
    - target: {fileID: 6260821765382652907, guid: 93ab1f2fa673c1b4790bf8c3a8dc17b9,
        type: 3}
      propertyPath: m_NavMeshLayer
      value: 1
      objectReference: {fileID: 0}
    - target: {fileID: 6402339545715008826, guid: 93ab1f2fa673c1b4790bf8c3a8dc17b9,
        type: 3}
      propertyPath: m_StaticEditorFlags
      value: 8
      objectReference: {fileID: 0}
    - target: {fileID: 6402339545715008826, guid: 93ab1f2fa673c1b4790bf8c3a8dc17b9,
        type: 3}
      propertyPath: m_NavMeshLayer
      value: 1
      objectReference: {fileID: 0}
    - target: {fileID: 6502100895618575628, guid: 93ab1f2fa673c1b4790bf8c3a8dc17b9,
        type: 3}
      propertyPath: m_StaticEditorFlags
      value: 8
      objectReference: {fileID: 0}
    - target: {fileID: 6502100895618575628, guid: 93ab1f2fa673c1b4790bf8c3a8dc17b9,
        type: 3}
      propertyPath: m_NavMeshLayer
      value: 1
      objectReference: {fileID: 0}
    - target: {fileID: 6521409399645777951, guid: 93ab1f2fa673c1b4790bf8c3a8dc17b9,
        type: 3}
      propertyPath: m_StaticEditorFlags
      value: 8
      objectReference: {fileID: 0}
    - target: {fileID: 6525271502408203688, guid: 93ab1f2fa673c1b4790bf8c3a8dc17b9,
        type: 3}
      propertyPath: m_StaticEditorFlags
      value: 8
      objectReference: {fileID: 0}
    - target: {fileID: 6525271502408203688, guid: 93ab1f2fa673c1b4790bf8c3a8dc17b9,
        type: 3}
      propertyPath: m_NavMeshLayer
      value: 1
      objectReference: {fileID: 0}
    - target: {fileID: 6738722580027186512, guid: 93ab1f2fa673c1b4790bf8c3a8dc17b9,
        type: 3}
      propertyPath: m_StaticEditorFlags
      value: 8
      objectReference: {fileID: 0}
    - target: {fileID: 6738722580027186512, guid: 93ab1f2fa673c1b4790bf8c3a8dc17b9,
        type: 3}
      propertyPath: m_NavMeshLayer
      value: 1
      objectReference: {fileID: 0}
    - target: {fileID: 6750925160762057091, guid: 93ab1f2fa673c1b4790bf8c3a8dc17b9,
        type: 3}
      propertyPath: m_StaticEditorFlags
      value: 8
      objectReference: {fileID: 0}
    - target: {fileID: 6750925160762057091, guid: 93ab1f2fa673c1b4790bf8c3a8dc17b9,
        type: 3}
      propertyPath: m_NavMeshLayer
      value: 1
      objectReference: {fileID: 0}
    - target: {fileID: 6966389031679222291, guid: 93ab1f2fa673c1b4790bf8c3a8dc17b9,
        type: 3}
      propertyPath: m_StaticEditorFlags
      value: 8
      objectReference: {fileID: 0}
    - target: {fileID: 6966389031679222291, guid: 93ab1f2fa673c1b4790bf8c3a8dc17b9,
        type: 3}
      propertyPath: m_NavMeshLayer
      value: 1
      objectReference: {fileID: 0}
    - target: {fileID: 7036676977646179926, guid: 93ab1f2fa673c1b4790bf8c3a8dc17b9,
        type: 3}
      propertyPath: m_StaticEditorFlags
      value: 8
      objectReference: {fileID: 0}
    - target: {fileID: 7036676977646179926, guid: 93ab1f2fa673c1b4790bf8c3a8dc17b9,
        type: 3}
      propertyPath: m_NavMeshLayer
      value: 1
      objectReference: {fileID: 0}
    - target: {fileID: 7193374161337496560, guid: 93ab1f2fa673c1b4790bf8c3a8dc17b9,
        type: 3}
      propertyPath: m_StaticEditorFlags
      value: 8
      objectReference: {fileID: 0}
    - target: {fileID: 7193374161337496560, guid: 93ab1f2fa673c1b4790bf8c3a8dc17b9,
        type: 3}
      propertyPath: m_NavMeshLayer
      value: 1
      objectReference: {fileID: 0}
    - target: {fileID: 7254008282381104312, guid: 93ab1f2fa673c1b4790bf8c3a8dc17b9,
        type: 3}
      propertyPath: m_StaticEditorFlags
      value: 8
      objectReference: {fileID: 0}
    - target: {fileID: 7254008282381104312, guid: 93ab1f2fa673c1b4790bf8c3a8dc17b9,
        type: 3}
      propertyPath: m_NavMeshLayer
      value: 1
      objectReference: {fileID: 0}
    - target: {fileID: 7310606735759309753, guid: 93ab1f2fa673c1b4790bf8c3a8dc17b9,
        type: 3}
      propertyPath: m_StaticEditorFlags
      value: 8
      objectReference: {fileID: 0}
    - target: {fileID: 7310606735759309753, guid: 93ab1f2fa673c1b4790bf8c3a8dc17b9,
        type: 3}
      propertyPath: m_NavMeshLayer
      value: 1
      objectReference: {fileID: 0}
    - target: {fileID: 7399997632949219142, guid: 93ab1f2fa673c1b4790bf8c3a8dc17b9,
        type: 3}
      propertyPath: m_StaticEditorFlags
      value: 8
      objectReference: {fileID: 0}
    - target: {fileID: 7399997632949219142, guid: 93ab1f2fa673c1b4790bf8c3a8dc17b9,
        type: 3}
      propertyPath: m_NavMeshLayer
      value: 1
      objectReference: {fileID: 0}
    - target: {fileID: 7498227789560812315, guid: 93ab1f2fa673c1b4790bf8c3a8dc17b9,
        type: 3}
      propertyPath: m_StaticEditorFlags
      value: 8
      objectReference: {fileID: 0}
    - target: {fileID: 7498227789560812315, guid: 93ab1f2fa673c1b4790bf8c3a8dc17b9,
        type: 3}
      propertyPath: m_NavMeshLayer
      value: 1
      objectReference: {fileID: 0}
    - target: {fileID: 7834627990283066525, guid: 93ab1f2fa673c1b4790bf8c3a8dc17b9,
        type: 3}
      propertyPath: m_StaticEditorFlags
      value: 8
      objectReference: {fileID: 0}
    - target: {fileID: 7905774108690044062, guid: 93ab1f2fa673c1b4790bf8c3a8dc17b9,
        type: 3}
      propertyPath: m_StaticEditorFlags
      value: 8
      objectReference: {fileID: 0}
    - target: {fileID: 7905774108690044062, guid: 93ab1f2fa673c1b4790bf8c3a8dc17b9,
        type: 3}
      propertyPath: m_NavMeshLayer
      value: 1
      objectReference: {fileID: 0}
    - target: {fileID: 8030938951096589815, guid: 93ab1f2fa673c1b4790bf8c3a8dc17b9,
        type: 3}
      propertyPath: m_StaticEditorFlags
      value: 8
      objectReference: {fileID: 0}
    - target: {fileID: 8030938951096589815, guid: 93ab1f2fa673c1b4790bf8c3a8dc17b9,
        type: 3}
      propertyPath: m_NavMeshLayer
      value: 1
      objectReference: {fileID: 0}
    - target: {fileID: 8051415255134806348, guid: 93ab1f2fa673c1b4790bf8c3a8dc17b9,
        type: 3}
      propertyPath: m_StaticEditorFlags
      value: 8
      objectReference: {fileID: 0}
    - target: {fileID: 8051415255134806348, guid: 93ab1f2fa673c1b4790bf8c3a8dc17b9,
        type: 3}
      propertyPath: m_NavMeshLayer
      value: 1
      objectReference: {fileID: 0}
    - target: {fileID: 8080382242206103809, guid: 93ab1f2fa673c1b4790bf8c3a8dc17b9,
        type: 3}
      propertyPath: m_StaticEditorFlags
      value: 8
      objectReference: {fileID: 0}
    - target: {fileID: 8080382242206103809, guid: 93ab1f2fa673c1b4790bf8c3a8dc17b9,
        type: 3}
      propertyPath: m_NavMeshLayer
      value: 1
      objectReference: {fileID: 0}
    - target: {fileID: 8929992749902325509, guid: 93ab1f2fa673c1b4790bf8c3a8dc17b9,
        type: 3}
      propertyPath: m_StaticEditorFlags
      value: 8
      objectReference: {fileID: 0}
    - target: {fileID: 8929992749902325509, guid: 93ab1f2fa673c1b4790bf8c3a8dc17b9,
        type: 3}
      propertyPath: m_NavMeshLayer
      value: 1
      objectReference: {fileID: 0}
    - target: {fileID: 9089202552546356775, guid: 93ab1f2fa673c1b4790bf8c3a8dc17b9,
        type: 3}
      propertyPath: m_StaticEditorFlags
      value: 8
      objectReference: {fileID: 0}
    - target: {fileID: 9089202552546356775, guid: 93ab1f2fa673c1b4790bf8c3a8dc17b9,
        type: 3}
      propertyPath: m_NavMeshLayer
      value: 1
      objectReference: {fileID: 0}
    m_RemovedComponents: []
  m_SourcePrefab: {fileID: 100100000, guid: 93ab1f2fa673c1b4790bf8c3a8dc17b9, type: 3}
--- !u!1 &698360618 stripped
GameObject:
  m_CorrespondingSourceObject: {fileID: -1978175470360484240, guid: 93ab1f2fa673c1b4790bf8c3a8dc17b9,
    type: 3}
  m_PrefabInstance: {fileID: 698360617}
  m_PrefabAsset: {fileID: 0}
--- !u!64 &698360619
MeshCollider:
  m_ObjectHideFlags: 0
  m_CorrespondingSourceObject: {fileID: 0}
  m_PrefabInstance: {fileID: 0}
  m_PrefabAsset: {fileID: 0}
  m_GameObject: {fileID: 698360618}
  m_Material: {fileID: 0}
  m_IsTrigger: 0
  m_Enabled: 1
  serializedVersion: 3
  m_Convex: 0
  m_CookingOptions: 14
  m_Mesh: {fileID: 1177077900911591697, guid: 93ab1f2fa673c1b4790bf8c3a8dc17b9, type: 3}
--- !u!1 &698360620 stripped
GameObject:
  m_CorrespondingSourceObject: {fileID: -5551065478236431158, guid: 93ab1f2fa673c1b4790bf8c3a8dc17b9,
    type: 3}
  m_PrefabInstance: {fileID: 698360617}
  m_PrefabAsset: {fileID: 0}
--- !u!1 &698360621 stripped
GameObject:
  m_CorrespondingSourceObject: {fileID: 5000138134068000333, guid: 93ab1f2fa673c1b4790bf8c3a8dc17b9,
    type: 3}
  m_PrefabInstance: {fileID: 698360617}
  m_PrefabAsset: {fileID: 0}
--- !u!1 &698360622 stripped
GameObject:
  m_CorrespondingSourceObject: {fileID: -1098859257495832180, guid: 93ab1f2fa673c1b4790bf8c3a8dc17b9,
    type: 3}
  m_PrefabInstance: {fileID: 698360617}
  m_PrefabAsset: {fileID: 0}
--- !u!1 &698360623 stripped
GameObject:
  m_CorrespondingSourceObject: {fileID: 3270813784290879675, guid: 93ab1f2fa673c1b4790bf8c3a8dc17b9,
    type: 3}
  m_PrefabInstance: {fileID: 698360617}
  m_PrefabAsset: {fileID: 0}
--- !u!1 &698360624 stripped
GameObject:
  m_CorrespondingSourceObject: {fileID: 7569153212866015032, guid: 93ab1f2fa673c1b4790bf8c3a8dc17b9,
    type: 3}
  m_PrefabInstance: {fileID: 698360617}
  m_PrefabAsset: {fileID: 0}
--- !u!65 &698360625
BoxCollider:
  m_ObjectHideFlags: 0
  m_CorrespondingSourceObject: {fileID: 0}
  m_PrefabInstance: {fileID: 0}
  m_PrefabAsset: {fileID: 0}
  m_GameObject: {fileID: 698360620}
  m_Material: {fileID: 0}
  m_IsTrigger: 0
  m_Enabled: 1
  serializedVersion: 2
  m_Size: {x: 0.02, y: 0.020000122, z: 0.020000024}
  m_Center: {x: -0.000000022351742, y: 0, z: 0.000000014901161}
--- !u!65 &698360626
BoxCollider:
  m_ObjectHideFlags: 0
  m_CorrespondingSourceObject: {fileID: 0}
  m_PrefabInstance: {fileID: 0}
  m_PrefabAsset: {fileID: 0}
  m_GameObject: {fileID: 698360621}
  m_Material: {fileID: 0}
  m_IsTrigger: 0
  m_Enabled: 1
  serializedVersion: 2
  m_Size: {x: 0.02, y: 0.020000102, z: 0.02000002}
  m_Center: {x: -0.0000000037252903, y: 0.0000009536743, z: 0.000000014901161}
--- !u!65 &698360627
BoxCollider:
  m_ObjectHideFlags: 0
  m_CorrespondingSourceObject: {fileID: 0}
  m_PrefabInstance: {fileID: 0}
  m_PrefabAsset: {fileID: 0}
  m_GameObject: {fileID: 698360622}
  m_Material: {fileID: 0}
  m_IsTrigger: 0
  m_Enabled: 1
  serializedVersion: 2
  m_Size: {x: 0.02, y: 0.020000113, z: 0.020000024}
  m_Center: {x: 0.000000007450581, y: 0.0000009536743, z: 0.000000014901161}
--- !u!65 &698360628
BoxCollider:
  m_ObjectHideFlags: 0
  m_CorrespondingSourceObject: {fileID: 0}
  m_PrefabInstance: {fileID: 0}
  m_PrefabAsset: {fileID: 0}
  m_GameObject: {fileID: 698360623}
  m_Material: {fileID: 0}
  m_IsTrigger: 0
  m_Enabled: 1
  serializedVersion: 2
  m_Size: {x: 0.02, y: 0.020000102, z: 0.02000002}
  m_Center: {x: 0, y: 0.0000009536743, z: 0.000000014901161}
--- !u!65 &698360629
BoxCollider:
  m_ObjectHideFlags: 0
  m_CorrespondingSourceObject: {fileID: 0}
  m_PrefabInstance: {fileID: 0}
  m_PrefabAsset: {fileID: 0}
  m_GameObject: {fileID: 698360624}
  m_Material: {fileID: 0}
  m_IsTrigger: 0
  m_Enabled: 1
  serializedVersion: 2
  m_Size: {x: 0.02, y: 0.020000102, z: 0.02000002}
  m_Center: {x: 0.0000000037252903, y: 0.0000009536743, z: 0}
--- !u!4 &698360630 stripped
Transform:
  m_CorrespondingSourceObject: {fileID: -5383107602002211997, guid: 93ab1f2fa673c1b4790bf8c3a8dc17b9,
    type: 3}
  m_PrefabInstance: {fileID: 698360617}
  m_PrefabAsset: {fileID: 0}
--- !u!1 &705507993
GameObject:
  m_ObjectHideFlags: 0
  m_CorrespondingSourceObject: {fileID: 0}
  m_PrefabInstance: {fileID: 0}
  m_PrefabAsset: {fileID: 0}
  serializedVersion: 6
  m_Component:
  - component: {fileID: 705507995}
  - component: {fileID: 705507994}
  m_Layer: 0
  m_Name: Directional Light
  m_TagString: Untagged
  m_Icon: {fileID: 0}
  m_NavMeshLayer: 0
  m_StaticEditorFlags: 0
  m_IsActive: 1
--- !u!108 &705507994
Light:
  m_ObjectHideFlags: 0
  m_CorrespondingSourceObject: {fileID: 0}
  m_PrefabInstance: {fileID: 0}
  m_PrefabAsset: {fileID: 0}
  m_GameObject: {fileID: 705507993}
  m_Enabled: 1
  serializedVersion: 9
  m_Type: 1
  m_Color: {r: 1, g: 0.95686275, b: 0.8392157, a: 1}
  m_Intensity: 1
  m_Range: 10
  m_SpotAngle: 30
  m_InnerSpotAngle: 21.80208
  m_CookieSize: 10
  m_Shadows:
    m_Type: 2
    m_Resolution: -1
    m_CustomResolution: -1
    m_Strength: 1
    m_Bias: 0.05
    m_NormalBias: 0.4
    m_NearPlane: 0.2
    m_CullingMatrixOverride:
      e00: 1
      e01: 0
      e02: 0
      e03: 0
      e10: 0
      e11: 1
      e12: 0
      e13: 0
      e20: 0
      e21: 0
      e22: 1
      e23: 0
      e30: 0
      e31: 0
      e32: 0
      e33: 1
    m_UseCullingMatrixOverride: 0
  m_Cookie: {fileID: 0}
  m_DrawHalo: 0
  m_Flare: {fileID: 0}
  m_RenderMode: 0
  m_CullingMask:
    serializedVersion: 2
    m_Bits: 4294967295
  m_RenderingLayerMask: 1
  m_Lightmapping: 1
  m_LightShadowCasterMode: 0
  m_AreaSize: {x: 1, y: 1}
  m_BounceIntensity: 1
  m_ColorTemperature: 6570
  m_UseColorTemperature: 0
  m_BoundingSphereOverride: {x: 1.47e-43, y: 0, z: 0.25390625, w: 0.01171875}
  m_UseBoundingSphereOverride: 0
  m_ShadowRadius: 0
  m_ShadowAngle: 0
--- !u!4 &705507995
Transform:
  m_ObjectHideFlags: 0
  m_CorrespondingSourceObject: {fileID: 0}
  m_PrefabInstance: {fileID: 0}
  m_PrefabAsset: {fileID: 0}
  m_GameObject: {fileID: 705507993}
  m_LocalRotation: {x: 0.07650835, y: -0.1815471, z: 0.18446685, w: 0.96289104}
  m_LocalPosition: {x: 0, y: 3, z: 0}
  m_LocalScale: {x: 1, y: 1, z: 1}
  m_Children: []
  m_Father: {fileID: 305571543}
  m_RootOrder: 0
  m_LocalEulerAnglesHint: {x: 12.375001, y: -19.210001, z: 19.588001}
--- !u!1 &963194225
GameObject:
  m_ObjectHideFlags: 0
  m_CorrespondingSourceObject: {fileID: 0}
  m_PrefabInstance: {fileID: 0}
  m_PrefabAsset: {fileID: 0}
  serializedVersion: 6
  m_Component:
  - component: {fileID: 963194228}
  - component: {fileID: 963194227}
  - component: {fileID: 963194226}
  - component: {fileID: 963194229}
  m_Layer: 8
  m_Name: Main Camera
  m_TagString: MainCamera
  m_Icon: {fileID: 0}
  m_NavMeshLayer: 0
  m_StaticEditorFlags: 0
  m_IsActive: 1
--- !u!81 &963194226
AudioListener:
  m_ObjectHideFlags: 0
  m_CorrespondingSourceObject: {fileID: 0}
  m_PrefabInstance: {fileID: 0}
  m_PrefabAsset: {fileID: 0}
  m_GameObject: {fileID: 963194225}
  m_Enabled: 1
--- !u!20 &963194227
Camera:
  m_ObjectHideFlags: 0
  m_CorrespondingSourceObject: {fileID: 0}
  m_PrefabInstance: {fileID: 0}
  m_PrefabAsset: {fileID: 0}
  m_GameObject: {fileID: 963194225}
  m_Enabled: 1
  serializedVersion: 2
  m_ClearFlags: 1
  m_BackGroundColor: {r: 0.19215687, g: 0.3019608, b: 0.4745098, a: 0}
  m_projectionMatrixMode: 1
  m_GateFitMode: 2
  m_FOVAxisMode: 0
  m_SensorSize: {x: 36, y: 24}
  m_LensShift: {x: 0, y: 0}
  m_FocalLength: 50
  m_NormalizedViewPortRect:
    serializedVersion: 2
    x: 0
    y: 0
    width: 1
    height: 1
  near clip plane: 0.3
  far clip plane: 1000
  field of view: 60
  orthographic: 0
  orthographic size: 5
  m_Depth: -1
  m_CullingMask:
    serializedVersion: 2
    m_Bits: 4294967295
  m_RenderingPath: -1
  m_TargetTexture: {fileID: 0}
  m_TargetDisplay: 0
  m_TargetEye: 3
  m_HDR: 1
  m_AllowMSAA: 1
  m_AllowDynamicResolution: 0
  m_ForceIntoRT: 0
  m_OcclusionCulling: 1
  m_StereoConvergence: 10
  m_StereoSeparation: 0.022
--- !u!4 &963194228
Transform:
  m_ObjectHideFlags: 0
  m_CorrespondingSourceObject: {fileID: 0}
  m_PrefabInstance: {fileID: 0}
  m_PrefabAsset: {fileID: 0}
  m_GameObject: {fileID: 963194225}
  m_LocalRotation: {x: -0, y: 0.7071068, z: -0.7071068, w: 0}
  m_LocalPosition: {x: 0, y: 18.052, z: 0.09000015}
  m_LocalScale: {x: 1, y: 1, z: 1}
  m_Children: []
  m_Father: {fileID: 1864445798}
  m_RootOrder: 0
  m_LocalEulerAnglesHint: {x: 90, y: 0, z: -180}
--- !u!54 &963194229
Rigidbody:
  m_ObjectHideFlags: 0
  m_CorrespondingSourceObject: {fileID: 0}
  m_PrefabInstance: {fileID: 0}
  m_PrefabAsset: {fileID: 0}
  m_GameObject: {fileID: 963194225}
  serializedVersion: 2
  m_Mass: 1
  m_Drag: 0
  m_AngularDrag: 0.05
  m_UseGravity: 0
  m_IsKinematic: 0
  m_Interpolate: 0
  m_Constraints: 0
  m_CollisionDetection: 0
--- !u!1 &1589985233
GameObject:
  m_ObjectHideFlags: 0
  m_CorrespondingSourceObject: {fileID: 0}
  m_PrefabInstance: {fileID: 0}
  m_PrefabAsset: {fileID: 0}
  serializedVersion: 6
  m_Component:
  - component: {fileID: 1589985234}
  m_Layer: 0
  m_Name: NavMesh
  m_TagString: Untagged
  m_Icon: {fileID: 0}
  m_NavMeshLayer: 0
  m_StaticEditorFlags: 0
  m_IsActive: 1
--- !u!4 &1589985234
Transform:
  m_ObjectHideFlags: 0
  m_CorrespondingSourceObject: {fileID: 0}
  m_PrefabInstance: {fileID: 0}
  m_PrefabAsset: {fileID: 0}
  m_GameObject: {fileID: 1589985233}
  m_LocalRotation: {x: 0, y: 0, z: 0, w: 1}
  m_LocalPosition: {x: 0, y: 0, z: 0}
  m_LocalScale: {x: 1, y: 1, z: 1}
  m_Children: []
  m_Father: {fileID: 0}
  m_RootOrder: 1
  m_LocalEulerAnglesHint: {x: 0, y: 0, z: 0}
--- !u!1 &1625805883 stripped
GameObject:
  m_CorrespondingSourceObject: {fileID: 3676525972383546292, guid: 93ab1f2fa673c1b4790bf8c3a8dc17b9,
    type: 3}
  m_PrefabInstance: {fileID: 698360617}
  m_PrefabAsset: {fileID: 0}
--- !u!208 &1625805887
NavMeshObstacle:
  m_ObjectHideFlags: 0
  m_CorrespondingSourceObject: {fileID: 0}
  m_PrefabInstance: {fileID: 0}
  m_PrefabAsset: {fileID: 0}
  m_GameObject: {fileID: 1625805883}
  m_Enabled: 1
  serializedVersion: 3
  m_Shape: 1
  m_Extents: {x: 0.010000001, y: 0.010000001, z: 0.019000001}
  m_MoveThreshold: 0.1
  m_Carve: 0
  m_CarveOnlyStationary: 1
  m_Center: {x: 0, y: 0, z: 0.019000001}
  m_TimeToStationary: 0.5
--- !u!1 &1864445792
GameObject:
  m_ObjectHideFlags: 0
  m_CorrespondingSourceObject: {fileID: 0}
  m_PrefabInstance: {fileID: 0}
  m_PrefabAsset: {fileID: 0}
  serializedVersion: 6
  m_Component:
  - component: {fileID: 1864445798}
  - component: {fileID: 1864445797}
  - component: {fileID: 1864445796}
  - component: {fileID: 1864445795}
  - component: {fileID: 1864445794}
  - component: {fileID: 1864445793}
  - component: {fileID: 1864445799}
  m_Layer: 8
  m_Name: Perso
  m_TagString: Untagged
  m_Icon: {fileID: 0}
  m_NavMeshLayer: 0
  m_StaticEditorFlags: 0
  m_IsActive: 1
--- !u!114 &1864445793
MonoBehaviour:
  m_ObjectHideFlags: 0
  m_CorrespondingSourceObject: {fileID: 0}
  m_PrefabInstance: {fileID: 0}
  m_PrefabAsset: {fileID: 0}
  m_GameObject: {fileID: 1864445792}
  m_Enabled: 1
  m_EditorHideFlags: 0
  m_Script: {fileID: 11500000, guid: 7d6cdfcdfc60197449e7785189883231, type: 3}
  m_Name: 
  m_EditorClassIdentifier: 
  cam: {fileID: 963194227}
  agent: {fileID: 1864445794}
--- !u!195 &1864445794
NavMeshAgent:
  m_ObjectHideFlags: 0
  m_CorrespondingSourceObject: {fileID: 0}
  m_PrefabInstance: {fileID: 0}
  m_PrefabAsset: {fileID: 0}
  m_GameObject: {fileID: 1864445792}
  m_Enabled: 1
  m_AgentTypeID: 0
  m_Radius: 0.5
  m_Speed: 3.5
  m_Acceleration: 8
  avoidancePriority: 50
  m_AngularSpeed: 200
  m_StoppingDistance: 0
  m_AutoTraverseOffMeshLink: 1
  m_AutoBraking: 1
  m_AutoRepath: 1
  m_Height: 2
  m_BaseOffset: 1
  m_WalkableMask: 4294967295
  m_ObstacleAvoidanceType: 4
--- !u!136 &1864445795
CapsuleCollider:
  m_ObjectHideFlags: 0
  m_CorrespondingSourceObject: {fileID: 0}
  m_PrefabInstance: {fileID: 0}
  m_PrefabAsset: {fileID: 0}
  m_GameObject: {fileID: 1864445792}
  m_Material: {fileID: 0}
  m_IsTrigger: 0
  m_Enabled: 1
  m_Radius: 0.5
  m_Height: 2
  m_Direction: 1
  m_Center: {x: 0, y: 0, z: 0}
--- !u!23 &1864445796
MeshRenderer:
  m_ObjectHideFlags: 0
  m_CorrespondingSourceObject: {fileID: 0}
  m_PrefabInstance: {fileID: 0}
  m_PrefabAsset: {fileID: 0}
  m_GameObject: {fileID: 1864445792}
  m_Enabled: 1
  m_CastShadows: 1
  m_ReceiveShadows: 1
  m_DynamicOccludee: 1
  m_MotionVectors: 1
  m_LightProbeUsage: 1
  m_ReflectionProbeUsage: 1
  m_RenderingLayerMask: 1
  m_RendererPriority: 0
  m_Materials:
  - {fileID: 2100000, guid: 6f3c2ce6c62ff8a4ea30832203a6d28d, type: 2}
  m_StaticBatchInfo:
    firstSubMesh: 0
    subMeshCount: 0
  m_StaticBatchRoot: {fileID: 0}
  m_ProbeAnchor: {fileID: 0}
  m_LightProbeVolumeOverride: {fileID: 0}
  m_ScaleInLightmap: 1
  m_PreserveUVs: 0
  m_IgnoreNormalsForChartDetection: 0
  m_ImportantGI: 0
  m_StitchLightmapSeams: 1
  m_SelectedEditorRenderState: 3
  m_MinimumChartSize: 4
  m_AutoUVMaxDistance: 0.5
  m_AutoUVMaxAngle: 89
  m_LightmapParameters: {fileID: 0}
  m_SortingLayerID: 0
  m_SortingLayer: 0
  m_SortingOrder: 0
--- !u!33 &1864445797
MeshFilter:
  m_ObjectHideFlags: 0
  m_CorrespondingSourceObject: {fileID: 0}
  m_PrefabInstance: {fileID: 0}
  m_PrefabAsset: {fileID: 0}
  m_GameObject: {fileID: 1864445792}
  m_Mesh: {fileID: 10208, guid: 0000000000000000e000000000000000, type: 0}
--- !u!4 &1864445798
Transform:
  m_ObjectHideFlags: 0
  m_CorrespondingSourceObject: {fileID: 0}
  m_PrefabInstance: {fileID: 0}
  m_PrefabAsset: {fileID: 0}
  m_GameObject: {fileID: 1864445792}
  m_LocalRotation: {x: 0, y: 0, z: 0, w: 1}
  m_LocalPosition: {x: 0, y: 1.028, z: 3.07}
  m_LocalScale: {x: 1, y: 1, z: 1}
  m_Children:
  - {fileID: 963194228}
  m_Father: {fileID: 0}
  m_RootOrder: 0
  m_LocalEulerAnglesHint: {x: 0, y: 0, z: 0}
--- !u!54 &1864445799
Rigidbody:
  m_ObjectHideFlags: 0
  m_CorrespondingSourceObject: {fileID: 0}
  m_PrefabInstance: {fileID: 0}
  m_PrefabAsset: {fileID: 0}
  m_GameObject: {fileID: 1864445792}
  serializedVersion: 2
  m_Mass: 1
  m_Drag: 0
  m_AngularDrag: 0.05
  m_UseGravity: 0
  m_IsKinematic: 1
  m_Interpolate: 0
  m_Constraints: 0
  m_CollisionDetection: 0
--- !u!1 &2027451020
GameObject:
  m_ObjectHideFlags: 0
  m_CorrespondingSourceObject: {fileID: 0}
  m_PrefabInstance: {fileID: 0}
  m_PrefabAsset: {fileID: 0}
  serializedVersion: 6
  m_Component:
  - component: {fileID: 2027451023}
  - component: {fileID: 2027451022}
  - component: {fileID: 2027451021}
  m_Layer: 0
  m_Name: EventSystem
  m_TagString: Untagged
  m_Icon: {fileID: 0}
  m_NavMeshLayer: 0
  m_StaticEditorFlags: 0
  m_IsActive: 1
--- !u!114 &2027451021
MonoBehaviour:
  m_ObjectHideFlags: 0
  m_CorrespondingSourceObject: {fileID: 0}
  m_PrefabInstance: {fileID: 0}
  m_PrefabAsset: {fileID: 0}
  m_GameObject: {fileID: 2027451020}
  m_Enabled: 1
  m_EditorHideFlags: 0
  m_Script: {fileID: 1077351063, guid: f70555f144d8491a825f0804e09c671c, type: 3}
  m_Name: 
  m_EditorClassIdentifier: 
  m_HorizontalAxis: Horizontal
  m_VerticalAxis: Vertical
  m_SubmitButton: Submit
  m_CancelButton: Cancel
  m_InputActionsPerSecond: 10
  m_RepeatDelay: 0.5
  m_ForceModuleActive: 0
--- !u!114 &2027451022
MonoBehaviour:
  m_ObjectHideFlags: 0
  m_CorrespondingSourceObject: {fileID: 0}
  m_PrefabInstance: {fileID: 0}
  m_PrefabAsset: {fileID: 0}
  m_GameObject: {fileID: 2027451020}
  m_Enabled: 1
  m_EditorHideFlags: 0
  m_Script: {fileID: -619905303, guid: f70555f144d8491a825f0804e09c671c, type: 3}
  m_Name: 
  m_EditorClassIdentifier: 
  m_FirstSelected: {fileID: 0}
  m_sendNavigationEvents: 1
  m_DragThreshold: 10
--- !u!4 &2027451023
Transform:
  m_ObjectHideFlags: 0
  m_CorrespondingSourceObject: {fileID: 0}
  m_PrefabInstance: {fileID: 0}
  m_PrefabAsset: {fileID: 0}
  m_GameObject: {fileID: 2027451020}
  m_LocalRotation: {x: -0, y: -0, z: -0, w: 1}
  m_LocalPosition: {x: 0, y: 0, z: 0}
  m_LocalScale: {x: 1, y: 1, z: 1}
  m_Children: []
  m_Father: {fileID: 305571543}
  m_RootOrder: 1
  m_LocalEulerAnglesHint: {x: 0, y: 0, z: 0}
